3166 5002
759 539 798 606 73

216 727 306 792 Aias.
328 721 387 792 806
409 731 517 806 ζητεῖτ’
539 733 632 794 ἱέντες
651 730 774 807 τάνδρὸς
794 729 925 805 ἔξοδον
947 733 1079 806 κσκην.

257 834 337 924 Cum
358 834 473 898 dubiae
495 835 666 899 admodum
683 833 725 898 sit
743 833 934 898 Graecitatis
953 838 1050 912 ζητεῖν
1067 838 1145 900 τινὸς
1162 836 1260 912 ἔξοδον
1277 857 1337 916 pro

218 945 315 1021 ζητεῖν
336 945 397 1000 ὅσοι
419 961 464 1006 τις
484 935 660 1019 ἐξελήλυθε,
681 961 785 1020 neque
805 940 871 1004 leni
890 941 1070 1004 mutatione
1099 941 1151 1004 hio
1171 941 1261 1005 loeus
1282 963 1337 1006 ou·

216 1049 280 1112 rari
297 1049 411 1132 possit,
431 1070 541 1113 vereor
556 1071 595 1113 ne
616 1047 866 1130 confugiendum
883 1049 925 1110 sit
941 1049 981 1110 ad
1005 1049 1228 1130 suspicionem,
1253 1049 1337 1114 huno

215 1154 410 1220 looumesse
432 1177 602 1220 enumero
624 1176 743 1232 eorum,
766 1155 820 1218 ubi
845 1158 935 1218 vetus
968 1155 1080 1219 lacuna
1106 1155 1256 1238 imperite
1283 1178 1337 1220 ex·

216 1261 305 1345 plata
334 1263 385 1325 sit.
413 1261 495 1337 Quid
523 1266 622 1343 poeta
650 1261 773 1326 dederit
798 1283 859 1343 pro
888 1267 975 1326 certo
999 1283 1093 1326 nemo
1116 1263 1197 1327 seire
1218 1267 1336 1343 potest,

215 1369 271 1434 sed
291 1369 469 1454 sententiae
489 1373 602 1451 aptum
623 1372 686 1432 est:

367 1477 372 1482 ’
406 1480 434 1536 ol
451 1480 478 1535 δ’
499 1481 636 1556 ἑσπέρους
656 1484 805 1553 ἀγκῶνος,
826 1481 855 1535 ol
873 1480 898 1536 δ’
920 1482 1079 1556 σντηλίονς
1125 1491 1128 1496 ·

406 1586 514 1662 ζητεῖτ’
537 1589 628 1649 ἰόντες
649 1586 771 1663 τοὶνδρὸς
791 1589 873 1652 <έτ1
896 1589 1074 1663 σωτηρίᾳ)

214 1797 303 1861 Aiac.
325 1797 384 1862 852
404 1800 475 1856 ἀλλ’
498 1799 580 1856 οὐδὲν
601 1797 688 1876 ἔργον
707 1801 804 1854 τοῦτον
825 1789 996 1874 θρηνεῖσθαι
1017 1801 1133 1874 μάτην·

242 1953 243 1960 ,
351 1955 354 1962 .
404 1910 475 1962 ἀλλ’
498 1909 657 1983 ἀρκτέον
680 1906 712 1960 τὸ
734 1911 859 1981 τροῖγμοι
881 1903 936 1960 σὺν
957 1907 1048 1980 τάχει
1069 1909 1154 1962 τινὶ.

404 2013 425 2069 ὦ
447 2015 568 2070 Θίονοοτε
589 2013 709 2069 Θοίννοτε
730 2016 782 2069 νῦν
803 2017 835 2088 ρ’
856 2012 1012 2084 ε’τὶσκεψοιῖ
1034 2019 1144 2089 ρολῶν.

252 2118 320 2181 Aut
339 2140 447 2182 versus
471 2119 596 2182 inutilis
613 2117 802 2182 tribuendus
823 2124 872 2182 est
892 2119 1129 2200 interpolatori,
1152 2124 1209 2184 aut
1229 2119 1257 2184 si
1277 2117 1337 2185 So-

213 2223 367 2306 phocleus
404 2229 462 2299 est,
500 2225 623 2288 duobus
659 2225 755 2303 vitiis,
783 2226 904 2306 quibus·
928 2225 1080 2290 ridiculus
1107 2226 1259 2304 redditur,
1287 2233 1336 2291 est

213 2331 405 2396 liberandae.
430 2329 669 2413 Ineptissimum
691 2333 774 2397 enirn
797 2339 845 2396 est
862 2335 1007 2414 ἄρχεσθαι
1029 2334 1149 2398 dictum
1171 2334 1209 2398 de
1231 2334 1335 2408 caede,

213 2460 296 2519 quae
316 2461 380 2502 uno
402 2440 468 2503 ictu
484 2440 592 2520 itaque
609 2441 765 2521 temporis
786 2449 948 2517 momento
971 2441 1145 2522 perficitur,
1168 2444 1200 2504 et
1220 2440 1335 2521 procul

213 2545 311 2609 dubio
332 2545 501 2627 legendum
533 2551 704 2626 ε’ρκτέον,
736 2549 822 2628 quod
848 2548 953 2630 ipsum
982 2547 1045 2610 ianr
1068 2545 1236 2612 Reiskium
1257 2547 1335 2612 olim
1361 2619 1369 2635 ὑ

214 2655 452 2718 commendasse
473 2674 556 2717 nuuc
576 2655 680 2734 video,
697 2676 756 2719 nee
774 2656 876 2736 magis
893 2654 1059 2720 ferendum
1078 2658 1132 2714 σὺν
1150 2661 1241 2733 τάχει
1258 2661 1335 2714 τινὶ

212 2783 271 2843 pro
293 2762 348 2819 σὺν
369 2765 469 2837 τάχει.
490 2759 632 2826 Conieci:

403 2871 474 2927 ἀλλ’
495 2873 647 2947 ἑρκτέον
668 2872 700 2926 τὸ
720 2875 843 2949 τροῖγροι
863 2874 918 2927 σὺν
940 2873 1031 2946 τάχει
1053 2871 1149 2928 τόδε.

251 2974 339 3040 Idem
376 2977 506 3039 verbum
546 2976 718 3057 aliquando
755 2977 882 3050 restitui
916 2977 995 3041 iussi
1024 2999 1123 3058 supra
1154 2999 1182 3040 v.
1212 2978 1253 3041 40
1284 2983 1334 3036 aad

213 3088 282 3164 τρὸς
302 3089 330 3142 ri
352 3083 550 3161 δυσλόγιστον
572 3085 622 3142 ὧδ’
648 3085 736 3164 ᾖξεν
757 3091 868 3164 χέρες
890 3085 1071 3166 suspicatus
1100 3085 1210 3164 ἦρξεν
1230 3089 1334 3164 χερὶ,

212 3195 248 3254 ut
285 3191 329 3255 sit
367 3189 543 3255 sententia:
582 3213 658 3272 quo
699 3191 878 3256 oonsilio
915 3212 996 3254 rem
1028 3191 1126 3254 adeo
1157 3191 1334 3255 inconsi-

212 3298 392 3362 deratam
422 3321 536 3362 manu
566 3284 776 3380 patravit?
811 3298 903 3362 Hune
933 3298 1098 3362 Aoristum
1118 3302 1216 3380 poeta
1243 3319 1333 3363 usur-

210 3405 301 3487 pavit
328 3405 411 3470 Phil.
442 3407 507 3469 117.
538 3406 625 3470 1353.
657 3406 742 3469 1406.
771 3404 887 3470 Traoh.
915 3406 985 3470 935.
1011 3406 1097 3469 1201.
1125 3402 1214 3468 Idem
1240 3426 1333 3486 prae-

211 3515 307 3575 eunte
333 3510 517 3576 Hermanno
546 3514 586 3575 ab
608 3512 784 3577 editoribus
812 3534 1017 3577 numerorum
1048 3499 1143 3576 causa
1165 3512 1332 3578 restitutus

211 3622 259 3682 est
282 3617 371 3682 Aiac.
393 3610 469 3696 905,ι
484 3619 541 3683 ubi
560 3619 637 3683 libri

251 3722 346 3788 Ghor.
368 3730 446 3791 τίνος
466 3728 551 3784 τοτ’
572 3728 632 3805 ἆρ’
654 3727 790 3807 ἔτρεξε
811 3733 889 3807 χειρὶ
911 3729 1070 3807 δύσριοροςς

250 3828 357 3896 Teorn.
379 3835 468 3898 αὐτὸς
489 3836 558 3913 τρὸς
578 3833 677 3903 αὑτοῦ,
699 3837 799 3912 δηλσν.

210 3959 292 4018 quae
320 3939 415 4004 lectio
442 3941 621 4006 sententiae
649 3942 817 4023 aptissima
845 3947 902 4020 est,
931 3943 1017 4024 quod
1045 3943 1107 4030 dici
1133 3965 1199 4007 non
1221 3946 1332 4025 polest

209 4067 261 4109 me
282 4045 386 4111 iudioe
406 4047 445 4110 de
467 4045 644 4111 Hermanni
666 4049 848 4112 coniectura
867 4056 949 4110 τοτ’
970 4052 1026 4130 ἄρ’
1048 4050 1144 4129 ἔρξε,
1166 4049 1242 4130 quia
1259 4073 1333 4116 uus-

210 4173 306 4233 qnam
338 4152 470 4217 verbum
498 4155 589 4233 ἔρδεῖν
617 4159 666 4219 est
690 4154 939 4233 intransitivum,
961 4157 1070 4238 itaque
1090 4157 1173 4222 male
1195 4158 1331 4237 quadrat
1450 4240 1453 4246 .
