<?xml version="1.0" encoding="UTF-8"?>
<!DOCTYPE html PUBLIC "-//W3C//DTD XHTML 1.0 Transitional//EN"
    "http://www.w3.org/TR/xhtml1/DTD/xhtml1-transitional.dtd">
<html xmlns="http://www.w3.org/1999/xhtml" xml:lang="en" lang="en">
 <head>
  <title>
</title>
<meta http-equiv="Content-Type" content="text/html;charset=utf-8" />
  <meta name='ocr-system' content='tesseract 3.04.00' />
  <meta name='ocr-capabilities' content='ocr_page ocr_carea ocr_par ocr_line ocrx_word'/>
</head>
<body>
  <div class='ocr_page' id='page_1' title='image "./lucubrationesso00herwgoog_0087.png"; bbox 0 0 3166 5002; ppageno 0'>
   <div class='ocr_carea' id='block_1_1' title="bbox 811 589 850 653">
    <p class='ocr_par' dir='ltr' id='par_1_1' title="bbox 811 589 850 653">
     <span class='ocr_line' id='line_1_1' title="bbox 811 589 850 653; baseline 0 0"><span class='ocrx_word' id='word_1_1' title='bbox 811 589 850 653; x_wconf 87' lang='lat'><strong>80</strong></span> 
     </span>
    </p>
   </div>
   <div class='ocr_carea' id='block_1_2' title="bbox 270 770 1391 1393">
    <p class='ocr_par' dir='ltr' id='par_1_2' title="bbox 511 770 1354 963">
     <span class='ocr_line' id='line_1_2' title="bbox 511 770 1354 854; baseline -0.004 -18"><span class='ocrx_word' id='word_1_2' title='bbox 511 778 572 836; x_wconf 72' lang='grc' dir='ltr'><em>οὔτ’</em></span> <span class='ocrx_word' id='word_1_3' title='bbox 593 779 643 836; x_wconf 69' lang='grc' dir='ltr'><em>ἀντ’</em></span> <span class='ocrx_word' id='word_1_4' title='bbox 665 778 807 852; x_wconf 78' lang='grc' dir='ltr'><em>εὑγενέων</em></span> <span class='ocrx_word' id='word_1_5' title='bbox 828 770 971 837; x_wconf 64' lang='grc' dir='ltr'><em>ἐσθλὸν</em></span> <span class='ocrx_word' id='word_1_6' title='bbox 990 777 1050 835; x_wconf 77' lang='grc' dir='ltr'><em>οὔτ’</em></span> <span class='ocrx_word' id='word_1_7' title='bbox 1072 780 1203 854; x_wconf 65' lang='grc' dir='ltr'><strong>ἀχρείων</strong></span> <span class='ocrx_word' id='word_1_8' title='bbox 1227 777 1354 844; x_wconf 72' lang='grc' dir='ltr'><em>&lt;οέτο&gt;</em></span> 
     </span>
     <span class='ocr_line' id='line_1_3' title="bbox 511 885 1211 963; baseline -0.003 -20"><span class='ocrx_word' id='word_1_9' title='bbox 511 889 628 943; x_wconf 73' lang='grc' dir='ltr'><em>πάλιν</em></span> <span class='ocrx_word' id='word_1_10' title='bbox 649 888 782 943; x_wconf 75' lang='grc' dir='ltr'><em>κακόν·</em></span> <span class='ocrx_word' id='word_1_11' title='bbox 802 888 922 963; x_wconf 68' lang='lat' dir='ltr'><strong>&#39;crepat</strong></span> <span class='ocrx_word' id='word_1_12' title='bbox 942 886 973 941; x_wconf 76' lang='grc' dir='ltr'><strong>δὲ</strong></span> <span class='ocrx_word' id='word_1_13' title='bbox 994 886 1098 942; x_wconf 77' lang='grc' dir='ltr'><em>πιστὸν</em></span> <span class='ocrx_word' id='word_1_14' title='bbox 1119 885 1211 942; x_wconf 76' lang='grc' dir='ltr'><em>οὐδέν.</em></span> 
     </span>
    </p>

    <p class='ocr_par' dir='ltr' id='par_1_3' title="bbox 270 988 1391 1393">
     <span class='ocr_line' id='line_1_4' title="bbox 311 988 1390 1071; baseline -0.002 -17"><span class='ocrx_word' id='word_1_15' title='bbox 311 989 398 1054; x_wconf 91' lang='lat' dir='ltr'><strong>Non</strong></span> <span class='ocrx_word' id='word_1_16' title='bbox 418 991 555 1067; x_wconf 85' lang='lat' dir='ltr'><strong>multi,</strong></span> <span class='ocrx_word' id='word_1_17' title='bbox 577 990 611 1053; x_wconf 86' lang='lat' dir='ltr'><strong>si</strong></span> <span class='ocrx_word' id='word_1_18' title='bbox 628 990 838 1071; x_wconf 82' lang='lat' dir='ltr'><strong>ingentem</strong></span> <span class='ocrx_word' id='word_1_19' title='bbox 856 993 1020 1071; x_wconf 76' lang='lat' dir='ltr'><strong>spectas</strong></span> <span class='ocrx_word' id='word_1_20' title='bbox 1040 988 1244 1055; x_wconf 91' lang='lat' dir='ltr'><strong>hominum</strong></span> <span class='ocrx_word' id='word_1_21' title='bbox 1261 1009 1390 1053; x_wconf 87' lang='lat' dir='ltr'><strong>nume·</strong></span> 
     </span>
     <span class='ocr_line' id='line_1_5' title="bbox 271 1095 1390 1180; baseline -0.001 -20"><span class='ocrx_word' id='word_1_22' title='bbox 271 1121 373 1175; x_wconf 74' lang='lat' dir='ltr'><strong>rum,</strong></span> <span class='ocrx_word' id='word_1_23' title='bbox 410 1102 505 1162; x_wconf 86' lang='lat' dir='ltr'><strong>sunt</strong></span> <span class='ocrx_word' id='word_1_24' title='bbox 540 1119 671 1177; x_wconf 91' lang='lat' dir='ltr'><strong>neque</strong></span> <span class='ocrx_word' id='word_1_25' title='bbox 710 1120 726 1161; x_wconf 90' lang='lat' dir='ltr'><strong>e</strong></span> <span class='ocrx_word' id='word_1_26' title='bbox 765 1096 979 1180; x_wconf 86' lang='lat' dir='ltr'><strong>generosis</strong></span> <span class='ocrx_word' id='word_1_27' title='bbox 1016 1096 1262 1177; x_wconf 86' lang='lat' dir='ltr'><strong>parentibus</strong></span> <span class='ocrx_word' id='word_1_28' title='bbox 1293 1095 1390 1160; x_wconf 91' lang='lat' dir='ltr'><strong>boni</strong></span> 
     </span>
     <span class='ocr_line' id='line_1_6' title="bbox 270 1202 1390 1286; baseline -0.003 -17"><span class='ocrx_word' id='word_1_29' title='bbox 270 1215 401 1286; x_wconf 89' lang='lat' dir='ltr'><strong>neque</strong></span> <span class='ocrx_word' id='word_1_30' title='bbox 423 1209 568 1270; x_wconf 85' lang='lat' dir='ltr'><strong>contra</strong></span> <span class='ocrx_word' id='word_1_31' title='bbox 589 1227 636 1269; x_wconf 84' lang='lat' dir='ltr'><strong>ex</strong></span> <span class='ocrx_word' id='word_1_32' title='bbox 657 1204 859 1286; x_wconf 84' lang='lat' dir='ltr'><strong>improbis</strong></span> <span class='ocrx_word' id='word_1_33' title='bbox 881 1202 986 1268; x_wconf 83' lang='lat' dir='ltr'><strong>mali.</strong></span> <span class='ocrx_word' id='word_1_34' title='bbox 1005 1202 1282 1268; x_wconf 81' lang='lat' dir='ltr'><strong>Generatione</strong></span> <span class='ocrx_word' id='word_1_35' title='bbox 1302 1224 1390 1267; x_wconf 90' lang='lat' dir='ltr'><strong>con-</strong></span> 
     </span>
     <span class='ocr_line' id='line_1_7' title="bbox 270 1309 1391 1393; baseline -0.002 -19"><span class='ocrx_word' id='word_1_36' title='bbox 270 1310 348 1374; x_wconf 88' lang='lat' dir='ltr'><strong>fidi</strong></span> <span class='ocrx_word' id='word_1_37' title='bbox 368 1333 537 1392; x_wconf 87' lang='lat' dir='ltr'><strong>prorsus</strong></span> <span class='ocrx_word' id='word_1_38' title='bbox 558 1311 712 1393; x_wconf 90' lang='lat' dir='ltr'><strong>nequit.</strong></span> <span class='ocrx_word' id='word_1_39' title='bbox 733 1311 816 1369; x_wconf 85' lang='grc' dir='ltr'><em>’Άτο</em></span> <span class='ocrx_word' id='word_1_40' title='bbox 837 1311 960 1374; x_wconf 75' lang='lat' dir='ltr'><strong>addidit</strong></span> <span class='ocrx_word' id='word_1_41' title='bbox 981 1309 1129 1386; x_wconf 84' lang='lat' dir='ltr'><strong>Bothius‚</strong></span> <span class='ocrx_word' id='word_1_42' title='bbox 1149 1315 1240 1369; x_wconf 74' lang='grc' dir='ltr'><em>πάλιν</em></span> <span class='ocrx_word' id='word_1_43' title='bbox 1257 1310 1391 1374; x_wconf 88' lang='lat' dir='ltr'><strong>debetur</strong></span> 
     </span>
    </p>
   </div>
   <div class='ocr_carea' id='block_1_3' title="bbox 252 1415 1256 1566">
    <p class='ocr_par' dir='ltr' id='par_1_4' title="bbox 252 1415 1256 1566">
     <span class='ocr_line' id='line_1_8' title="bbox 270 1415 1256 1498; baseline 0 -18"><span class='ocrx_word' id='word_1_44' title='bbox 270 1416 442 1496; x_wconf 86' lang='lat' dir='ltr'><strong>Meinekio‚</strong></span> <span class='ocrx_word' id='word_1_45' title='bbox 463 1429 557 1498; x_wconf 69' lang='grc' dir='ltr'><em>σπορᾷ</em></span> <span class='ocrx_word' id='word_1_46' title='bbox 577 1418 699 1482; x_wconf 88' lang='lat' dir='ltr'><strong>conieci</strong></span> <span class='ocrx_word' id='word_1_47' title='bbox 719 1415 836 1482; x_wconf 89' lang='lat' dir='ltr'><strong>Mnem.</strong></span> <span class='ocrx_word' id='word_1_48' title='bbox 855 1415 925 1497; x_wconf 71' lang='lat' dir='ltr'><strong>vu,</strong></span> <span class='ocrx_word' id='word_1_49' title='bbox 945 1417 1014 1495; x_wconf 83' lang='lat'>281,</span> <span class='ocrx_word' id='word_1_50' title='bbox 1026 1421 1142 1482; x_wconf 84' lang='lat' dir='ltr'><strong>cetera</strong></span> <span class='ocrx_word' id='word_1_51' title='bbox 1163 1438 1256 1481; x_wconf 85' lang='lat' dir='ltr'><strong>nuno.</strong></span> 
     </span>
     <span class='ocr_line' id='line_1_9' title="bbox 252 1525 262 1566; baseline 0 0"><span class='ocrx_word' id='word_1_52' title='bbox 252 1525 262 1566; x_wconf 78' lang='lat' dir='ltr'><strong>r</strong></span> 
     </span>
    </p>
   </div>
   <div class='ocr_carea' id='block_1_4' title="bbox 238 1627 1402 3638">
    <p class='ocr_par' dir='ltr' id='par_1_5' title="bbox 270 1627 1315 2140">
     <span class='ocr_line' id='line_1_10' title="bbox 270 1627 1312 1711; baseline -0.006 -17"><span class='ocrx_word' id='word_1_53' title='bbox 270 1629 323 1694; x_wconf 79' lang='lat' dir='ltr'><strong>Fr.</strong></span> <span class='ocrx_word' id='word_1_54' title='bbox 345 1629 569 1696; x_wconf 80' lang='lat' dir='ltr'>DOLXXVIH</span> <span class='ocrx_word' id='word_1_55' title='bbox 589 1633 642 1688; x_wconf 81' lang='grc' dir='ltr'>Ὦ</span> <span class='ocrx_word' id='word_1_56' title='bbox 663 1635 774 1701; x_wconf 61' lang='lat' dir='ltr'><strong>nultra,</strong></span> <span class='ocrx_word' id='word_1_57' title='bbox 796 1634 813 1710; x_wconf 66' lang='grc' dir='ltr'><em>ἢ</em></span> <span class='ocrx_word' id='word_1_58' title='bbox 835 1643 878 1690; x_wconf 78' lang='grc' dir='ltr'><strong>’τοι</strong></span> <span class='ocrx_word' id='word_1_59' title='bbox 900 1634 1011 1711; x_wconf 73' lang='grc' dir='ltr'><em>Κύπρος</em></span> <span class='ocrx_word' id='word_1_60' title='bbox 1031 1633 1063 1690; x_wconf 79' lang='grc' dir='ltr'><strong>οὐ</strong></span> <span class='ocrx_word' id='word_1_61' title='bbox 1084 1627 1195 1711; x_wconf 74' lang='grc' dir='ltr'><strong><em>Κύπρις</em></strong></span> <span class='ocrx_word' id='word_1_62' title='bbox 1215 1637 1312 1709; x_wconf 71' lang='grc' dir='ltr'><em>μόνον,</em></span> 
     </span>
     <span class='ocr_line' id='line_1_11' title="bbox 589 1740 1290 1817; baseline -0.001 -20"><span class='ocrx_word' id='word_1_63' title='bbox 589 1742 659 1798; x_wconf 66' lang='grc' dir='ltr'><strong>ἀλλ’</strong></span> <span class='ocrx_word' id='word_1_64' title='bbox 682 1740 744 1797; x_wconf 71' lang='lat' dir='ltr'><strong>aa</strong></span> <span class='ocrx_word' id='word_1_65' title='bbox 765 1746 884 1797; x_wconf 75' lang='grc' dir='ltr'><em>πολλῶν</em></span> <span class='ocrx_word' id='word_1_66' title='bbox 901 1743 1091 1817; x_wconf 71' lang='grc' dir='ltr'><em>,ὀνομάτων</em></span> <span class='ocrx_word' id='word_1_67' title='bbox 1111 1743 1290 1816; x_wconf 54' lang='lat' dir='ltr'><strong>§adrepens</strong></span> 
     </span>
     <span class='ocr_line' id='line_1_12' title="bbox 591 1841 1305 1926; baseline -0.003 -22"><span class='ocrx_word' id='word_1_68' title='bbox 591 1846 672 1905; x_wconf 71' lang='grc' dir='ltr'><em>ἔστιν</em></span> <span class='ocrx_word' id='word_1_69' title='bbox 692 1850 747 1924; x_wconf 80' lang='grc' dir='ltr'><strong>μὲν</strong></span> <span class='ocrx_word' id='word_1_70' title='bbox 767 1847 887 1924; x_wconf 71' lang='grc' dir='ltr'><strong><em>Ἅιδης,</em></strong></span> <span class='ocrx_word' id='word_1_71' title='bbox 909 1847 971 1917; x_wconf 70' lang='grc' dir='ltr'><strong>ἔστι</strong></span> <span class='ocrx_word' id='word_1_72' title='bbox 993 1849 1020 1904; x_wconf 73' lang='grc' dir='ltr'><strong>δ’</strong></span> <span class='ocrx_word' id='word_1_73' title='bbox 1042 1841 1176 1926; x_wconf 66' lang='grc' dir='ltr'><em>ἄφθιτος</em></span> <span class='ocrx_word' id='word_1_74' title='bbox 1196 1849 1272 1916; x_wconf 69' lang='grc' dir='ltr'><em>βίοι,</em></span> <span class='ocrx_word' id='word_1_75' title='bbox 1304 1881 1305 1884; x_wconf 60' lang='lat'><em>=</em></span> 
     </span>
     <span class='ocr_line' id='line_1_13' title="bbox 591 1954 1264 2037; baseline 0 -27"><span class='ocrx_word' id='word_1_76' title='bbox 591 1954 671 2012; x_wconf 70' lang='lat' dir='ltr'><strong>tortu</strong></span> <span class='ocrx_word' id='word_1_77' title='bbox 692 1956 723 2037; x_wconf 71' lang='lat' dir='ltr'><strong>dt</strong></span> <span class='ocrx_word' id='word_1_78' title='bbox 744 1956 844 2013; x_wconf 73' lang='grc' dir='ltr'><em>λύσσα</em></span> <span class='ocrx_word' id='word_1_79' title='bbox 865 1958 1013 2032; x_wconf 64' lang='lat' dir='ltr'><strong>pecude,</strong></span> <span class='ocrx_word' id='word_1_80' title='bbox 1035 1954 1097 2013; x_wconf 70' lang='grc' dir='ltr'><em>ἔστι</em></span> <span class='ocrx_word' id='word_1_81' title='bbox 1119 1954 1145 2011; x_wconf 77' lang='grc' dir='ltr'><strong>δ’</strong></span> <span class='ocrx_word' id='word_1_82' title='bbox 1168 1955 1264 2031; x_wconf 67' lang='grc' dir='ltr'><em>ἵμερος</em></span> 
     </span>
     <span class='ocr_line' id='line_1_14' title="bbox 592 2063 1315 2140; baseline 0 -23"><span class='ocrx_word' id='word_1_83' title='bbox 592 2064 762 2140; x_wconf 68' lang='lat' dir='ltr'><strong>diapasoa,</strong></span> <span class='ocrx_word' id='word_1_84' title='bbox 784 2063 846 2120; x_wconf 78' lang='grc' dir='ltr'><em>ἔστ’</em></span> <span class='ocrx_word' id='word_1_85' title='bbox 867 2066 1026 2140; x_wconf 70' lang='grc' dir='ltr'><em>οἱμωγμός,</em></span> <span class='ocrx_word' id='word_1_86' title='bbox 1047 2065 1077 2120; x_wconf 79' lang='grc' dir='ltr'><strong>ἐν</strong></span> <span class='ocrx_word' id='word_1_87' title='bbox 1099 2065 1179 2139; x_wconf 58' lang='grc' dir='ltr'><em>κείνῃ</em></span> <span class='ocrx_word' id='word_1_88' title='bbox 1201 2064 1233 2118; x_wconf 83' lang='grc' dir='ltr'><strong>τὸ</strong></span> <span class='ocrx_word' id='word_1_89' title='bbox 1255 2067 1315 2118; x_wconf 81' lang='grc' dir='ltr'><em>τοῖν</em></span> 
     </span>
    </p>

    <p class='ocr_par' dir='ltr' id='par_1_6' title="bbox 269 2151 1402 3321">
     <span class='ocr_line' id='line_1_15' title="bbox 529 2151 1372 2246; baseline -0.004 -19"><span class='ocrx_word' id='word_1_90' title='bbox 529 2176 532 2180; x_wconf 84' lang='grc'>’</span> <span class='ocrx_word' id='word_1_91' title='bbox 591 2171 759 2238; x_wconf 75' lang='grc' dir='ltr'><em>σπουδαῖον,</em></span> <span class='ocrx_word' id='word_1_92' title='bbox 781 2173 939 2246; x_wconf 68' lang='grc' dir='ltr'><em>ἡσυχαῖον,</em></span> <span class='ocrx_word' id='word_1_93' title='bbox 961 2173 991 2234; x_wconf 80' lang='grc' dir='ltr'><strong>ές</strong></span> <span class='ocrx_word' id='word_1_94' title='bbox 1010 2173 1080 2239; x_wconf 67' lang='grc' dir='ltr'><strong>βίον</strong></span> <span class='ocrx_word' id='word_1_95' title='bbox 1101 2171 1175 2244; x_wconf 64' lang='grc' dir='ltr'><em>ἄγον</em></span> <span class='ocrx_word' id='word_1_96' title='bbox 1196 2151 1257 2225; x_wconf 67' lang='lat' dir='ltr'><strong>art.</strong></span> <span class='ocrx_word' id='word_1_97' title='bbox 1285 2173 1288 2178; x_wconf 90' lang='lat'>&#39;</span> <span class='ocrx_word' id='word_1_98' title='bbox 1367 2176 1372 2244; x_wconf 72' lang='lat'><em>]</em></span> 
     </span>
     <span class='ocr_line' id='line_1_16' title="bbox 310 2271 1402 2357; baseline -0.001 -20"><span class='ocrx_word' id='word_1_99' title='bbox 310 2273 338 2338; x_wconf 83' lang='grc' dir='ltr'>Ε</span> <span class='ocrx_word' id='word_1_100' title='bbox 367 2275 559 2340; x_wconf 85' lang='lat' dir='ltr'><strong>coniecturis</strong></span> <span class='ocrx_word' id='word_1_101' title='bbox 586 2276 664 2340; x_wconf 93' lang='lat' dir='ltr'><strong>olim</strong></span> <span class='ocrx_word' id='word_1_102' title='bbox 691 2277 730 2339; x_wconf 85' lang='lat' dir='ltr'><strong>ad</strong></span> <span class='ocrx_word' id='word_1_103' title='bbox 758 2275 789 2338; x_wconf 92' lang='lat' dir='ltr'><strong>h.</strong></span> <span class='ocrx_word' id='word_1_104' title='bbox 812 2275 831 2339; x_wconf 91' lang='lat' dir='ltr'><strong>l.</strong></span> <span class='ocrx_word' id='word_1_105' title='bbox 855 2277 1031 2357; x_wconf 88' lang='lat' dir='ltr'><strong>propositis</strong></span> <span class='ocrx_word' id='word_1_106' title='bbox 1053 2281 1138 2340; x_wconf 88' lang='lat' dir='ltr'><strong>certa</strong></span> <span class='ocrx_word' id='word_1_107' title='bbox 1160 2279 1209 2338; x_wconf 85' lang='lat' dir='ltr'><strong>est</strong></span> <span class='ocrx_word' id='word_1_108' title='bbox 1228 2271 1402 2337; x_wconf 77' lang='lat' dir='ltr'><strong>Bothiarra‘</strong></span> 
     </span>
     <span class='ocr_line' id='line_1_17' title="bbox 270 2381 1390 2466; baseline -0.002 -19"><span class='ocrx_word' id='word_1_109' title='bbox 270 2386 335 2452; x_wconf 70' lang='grc' dir='ltr'><strong>βίος</strong></span> <span class='ocrx_word' id='word_1_110' title='bbox 362 2405 422 2464; x_wconf 87' lang='lat' dir='ltr'><strong>pro</strong></span> <span class='ocrx_word' id='word_1_111' title='bbox 450 2388 512 2454; x_wconf 70' lang='grc' dir='ltr'><em>βίον,</em></span> <span class='ocrx_word' id='word_1_112' title='bbox 535 2384 712 2464; x_wconf 89' lang='lat' dir='ltr'><strong>meritoque</strong></span> <span class='ocrx_word' id='word_1_113' title='bbox 733 2389 862 2466; x_wconf 88' lang='lat' dir='ltr'><strong>recepta</strong></span> <span class='ocrx_word' id='word_1_114' title='bbox 884 2406 902 2445; x_wconf 89' lang='lat' dir='ltr'><strong>a</strong></span> <span class='ocrx_word' id='word_1_115' title='bbox 923 2383 1101 2447; x_wconf 88' lang='lat' dir='ltr'><strong>Dindorfio.</strong></span> <span class='ocrx_word' id='word_1_116' title='bbox 1125 2381 1296 2446; x_wconf 88' lang='lat' dir='ltr'><strong>Praeterea</strong></span> <span class='ocrx_word' id='word_1_117' title='bbox 1316 2404 1390 2464; x_wconf 92' lang='lat' dir='ltr'><strong>pro·</strong></span> 
     </span>
     <span class='ocr_line' id='line_1_18' title="bbox 270 2479 1391 2572; baseline -0.004 -21"><span class='ocrx_word' id='word_1_118' title='bbox 270 2487 420 2553; x_wconf 85' lang='lat' dir='ltr'><strong>babiliter</strong></span> <span class='ocrx_word' id='word_1_119' title='bbox 443 2494 597 2568; x_wconf 69' lang='grc' dir='ltr'><em>δυνάμεων</em></span> <span class='ocrx_word' id='word_1_120' title='bbox 617 2512 677 2572; x_wconf 90' lang='lat' dir='ltr'><strong>pro</strong></span> <span class='ocrx_word' id='word_1_121' title='bbox 699 2495 850 2569; x_wconf 71' lang='grc' dir='ltr'><em>ὀνομάτων</em></span> <span class='ocrx_word' id='word_1_122' title='bbox 864 2479 1008 2555; x_wconf 84' lang='lat' dir='ltr'><strong>coniecit</strong></span> <span class='ocrx_word' id='word_1_123' title='bbox 1030 2489 1208 2553; x_wconf 81' lang='lat' dir='ltr'><strong>Meinelrius</strong></span> <span class='ocrx_word' id='word_1_124' title='bbox 1230 2494 1263 2554; x_wconf 90' lang='lat' dir='ltr'><strong>et</strong></span> <span class='ocrx_word' id='word_1_125' title='bbox 1280 2493 1391 2567; x_wconf 72' lang='grc' dir='ltr'><em>μανιάς</em></span> 
     </span>
     <span class='ocr_line' id='line_1_19' title="bbox 269 2595 1390 2678; baseline 0 -20"><span class='ocrx_word' id='word_1_126' title='bbox 269 2617 329 2675; x_wconf 90' lang='lat' dir='ltr'><strong>pro</strong></span> <span class='ocrx_word' id='word_1_127' title='bbox 357 2601 467 2673; x_wconf 73' lang='grc' dir='ltr'><em>μονάς</em></span> <span class='ocrx_word' id='word_1_128' title='bbox 493 2595 664 2672; x_wconf 77' lang='lat' dir='ltr'><strong>Porsonus,</strong></span> <span class='ocrx_word' id='word_1_129' title='bbox 693 2597 747 2660; x_wconf 87' lang='lat' dir='ltr'><strong>sed</strong></span> <span class='ocrx_word' id='word_1_130' title='bbox 774 2597 892 2661; x_wconf 87' lang='lat' dir='ltr'><strong>iniuria</strong></span> <span class='ocrx_word' id='word_1_131' title='bbox 918 2596 999 2660; x_wconf 89' lang='lat' dir='ltr'><strong>mibi</strong></span> <span class='ocrx_word' id='word_1_132' title='bbox 1027 2595 1212 2660; x_wconf 89' lang='lat' dir='ltr'><strong>Dindorfius</strong></span> <span class='ocrx_word' id='word_1_133' title='bbox 1233 2595 1390 2678; x_wconf 85' lang='lat' dir='ltr'><strong>recepisse</strong></span> 
     </span>
     <span class='ocr_line' id='line_1_20' title="bbox 271 2701 1389 2790; baseline 0.004 -26"><span class='ocrx_word' id='word_1_134' title='bbox 271 2701 396 2766; x_wconf 89' lang='lat' dir='ltr'><strong>videtur</strong></span> <span class='ocrx_word' id='word_1_135' title='bbox 422 2702 534 2767; x_wconf 89' lang='lat' dir='ltr'><strong>Bothii</strong></span> <span class='ocrx_word' id='word_1_136' title='bbox 562 2704 792 2768; x_wconf 76' lang='lat' dir='ltr'><strong>correctionem</strong></span> <span class='ocrx_word' id='word_1_137' title='bbox 820 2707 1024 2784; x_wconf 64' lang='grc' dir='ltr'><em>ἄκραντος,</em></span> <span class='ocrx_word' id='word_1_138' title='bbox 1051 2727 1070 2767; x_wconf 85' lang='lat' dir='ltr'><strong>a</strong></span> <span class='ocrx_word' id='word_1_139' title='bbox 1097 2705 1159 2768; x_wconf 92' lang='lat' dir='ltr'><strong>loci</strong></span> <span class='ocrx_word' id='word_1_140' title='bbox 1187 2703 1312 2768; x_wconf 89' lang='lat' dir='ltr'><strong>ratione</strong></span> <span class='ocrx_word' id='word_1_141' title='bbox 1340 2725 1389 2790; x_wconf 85' lang='lat' dir='ltr'><strong>me</strong></span> 
     </span>
     <span class='ocr_line' id='line_1_21' title="bbox 270 2809 1389 2892; baseline 0.001 -20"><span class='ocrx_word' id='word_1_142' title='bbox 270 2809 374 2873; x_wconf 87' lang='lat' dir='ltr'><strong>iudice</strong></span> <span class='ocrx_word' id='word_1_143' title='bbox 400 2809 637 2874; x_wconf 83' lang='lat' dir='ltr'><strong>alienissimam.</strong></span> <span class='ocrx_word' id='word_1_144' title='bbox 667 2810 737 2874; x_wconf 91' lang='lat' dir='ltr'><strong>Hoc</strong></span> <span class='ocrx_word' id='word_1_145' title='bbox 765 2812 849 2874; x_wconf 88' lang='lat' dir='ltr'><strong>enim</strong></span> <span class='ocrx_word' id='word_1_146' title='bbox 877 2815 925 2875; x_wconf 88' lang='lat' dir='ltr'><strong>est</strong></span> <span class='ocrx_word' id='word_1_147' title='bbox 952 2814 1069 2892; x_wconf 87' lang='lat' dir='ltr'><strong>poetae</strong></span> <span class='ocrx_word' id='word_1_148' title='bbox 1096 2811 1277 2887; x_wconf 79' lang='lat' dir='ltr'><strong>artificium,</strong></span> <span class='ocrx_word' id='word_1_149' title='bbox 1299 2810 1389 2874; x_wconf 89' lang='lat' dir='ltr'><strong>utin</strong></span> 
     </span>
     <span class='ocr_line' id='line_1_22' title="bbox 270 2914 1389 2999; baseline 0.001 -20"><span class='ocrx_word' id='word_1_150' title='bbox 270 2914 331 2979; x_wconf 87' lang='lat' dir='ltr'><strong>hac</strong></span> <span class='ocrx_word' id='word_1_151' title='bbox 360 2915 520 2979; x_wconf 87' lang='lat' dir='ltr'><strong>variarum</strong></span> <span class='ocrx_word' id='word_1_152' title='bbox 545 2915 680 2980; x_wconf 87' lang='lat' dir='ltr'><strong>Veneris</strong></span> <span class='ocrx_word' id='word_1_153' title='bbox 701 2918 937 2999; x_wconf 73' lang='lat' dir='ltr'><strong>proprietatum</strong></span> <span class='ocrx_word' id='word_1_154' title='bbox 957 2919 1195 2982; x_wconf 87' lang='lat' dir='ltr'><strong>enumeratione</strong></span> <span class='ocrx_word' id='word_1_155' title='bbox 1215 2940 1279 2982; x_wconf 89' lang='lat' dir='ltr'><strong>non</strong></span> <span class='ocrx_word' id='word_1_156' title='bbox 1301 2917 1389 2980; x_wconf 87' lang='lat' dir='ltr'><strong>simi-</strong></span> 
     </span>
     <span class='ocr_line' id='line_1_23' title="bbox 270 3021 1389 3107; baseline 0.003 -23"><span class='ocrx_word' id='word_1_157' title='bbox 270 3021 318 3084; x_wconf 89' lang='lat' dir='ltr'><strong>les</strong></span> <span class='ocrx_word' id='word_1_158' title='bbox 346 3021 474 3100; x_wconf 87' lang='lat' dir='ltr'><strong>copulet</strong></span> <span class='ocrx_word' id='word_1_159' title='bbox 494 3021 651 3100; x_wconf 60' lang='lat' dir='ltr'><strong>notiones</strong></span> <span class='ocrx_word' id='word_1_160' title='bbox 673 3023 728 3087; x_wconf 86' lang='lat' dir='ltr'><strong>sed</strong></span> <span class='ocrx_word' id='word_1_161' title='bbox 747 3023 833 3087; x_wconf 88' lang='lat' dir='ltr'><strong>inter</strong></span> <span class='ocrx_word' id='word_1_162' title='bbox 853 3047 886 3089; x_wconf 88' lang='lat' dir='ltr'><strong>se</strong></span> <span class='ocrx_word' id='word_1_163' title='bbox 909 3029 1053 3107; x_wconf 84' lang='lat' dir='ltr'><strong>opponat</strong></span> <span class='ocrx_word' id='word_1_164' title='bbox 1074 3025 1260 3088; x_wconf 85' lang='lat' dir='ltr'><strong>contrarias.</strong></span> <span class='ocrx_word' id='word_1_165' title='bbox 1282 3023 1389 3088; x_wconf 82' lang='lat' dir='ltr'><strong>lusn-</strong></span> 
     </span>
     <span class='ocr_line' id='line_1_24' title="bbox 271 3128 1389 3212; baseline 0.005 -23"><span class='ocrx_word' id='word_1_166' title='bbox 271 3149 343 3190; x_wconf 85' lang='lat' dir='ltr'><strong>nae</strong></span> <span class='ocrx_word' id='word_1_167' title='bbox 361 3131 468 3191; x_wconf 84' lang='lat' dir='ltr'><strong>a&#39;utem</strong></span> <span class='ocrx_word' id='word_1_168' title='bbox 485 3128 619 3193; x_wconf 88' lang='lat' dir='ltr'><strong>rabiei</strong></span> <span class='ocrx_word' id='word_1_169' title='bbox 637 3151 702 3194; x_wconf 92' lang='lat' dir='ltr'><strong>non</strong></span> <span class='ocrx_word' id='word_1_170' title='bbox 720 3132 906 3212; x_wconf 73' lang='lat' dir='ltr'><strong>opponitur,</strong></span> <span class='ocrx_word' id='word_1_171' title='bbox 925 3136 960 3195; x_wconf 93' lang='lat' dir='ltr'><strong>ut</strong></span> <span class='ocrx_word' id='word_1_172' title='bbox 978 3133 1127 3209; x_wconf 83' lang='lat' dir='ltr'><strong>arbitror,</strong></span> <span class='ocrx_word' id='word_1_173' title='bbox 1143 3132 1389 3196; x_wconf 86' lang='lat' dir='ltr'><strong>desiderium</strong></span> 
     </span>
     <span class='ocr_line' id='line_1_25' title="bbox 271 3234 1388 3321; baseline 0.005 -24"><span class='ocrx_word' id='word_1_174' title='bbox 271 3255 348 3298; x_wconf 92' lang='lat' dir='ltr'><strong>non</strong></span> <span class='ocrx_word' id='word_1_175' title='bbox 378 3234 602 3316; x_wconf 75' lang='lat' dir='ltr'><strong>expletum,</strong></span> <span class='ocrx_word' id='word_1_176' title='bbox 630 3237 685 3301; x_wconf 89' lang='lat' dir='ltr'><strong>sed</strong></span> <span class='ocrx_word' id='word_1_177' title='bbox 712 3237 958 3302; x_wconf 88' lang='lat' dir='ltr'><strong>desiderium</strong></span> <span class='ocrx_word' id='word_1_178' title='bbox 979 3239 1077 3305; x_wconf 90' lang='lat' dir='ltr'><strong>bene</strong></span> <span class='ocrx_word' id='word_1_179' title='bbox 1099 3243 1388 3321; x_wconf 76' lang='lat' dir='ltr'><strong>temperatum,</strong></span> 
     </span>
    </p>

    <p class='ocr_par' dir='ltr' id='par_1_7' title="bbox 238 3339 805 3426">
     <span class='ocr_line' id='line_1_26' title="bbox 238 3339 805 3426; baseline 0.009 -23"><span class='ocrx_word' id='word_1_180' title='bbox 238 3381 239 3384; x_wconf 59' lang='lat'><em>=</em></span> <span class='ocrx_word' id='word_1_181' title='bbox 269 3339 380 3422; x_wconf 82' lang='lat' dir='ltr'><strong>itaque</strong></span> <span class='ocrx_word' id='word_1_182' title='bbox 401 3342 625 3424; x_wconf 85' lang='lat' dir='ltr'><strong>corrigendum</strong></span> <span class='ocrx_word' id='word_1_183' title='bbox 644 3343 805 3426; x_wconf 87' lang='lat' dir='ltr'><strong>suspicor:</strong></span> 
     </span>
    </p>

    <p class='ocr_par' dir='ltr' id='par_1_8' title="bbox 510 3454 1150 3638">
     <span class='ocr_line' id='line_1_27' title="bbox 921 3454 1150 3535; baseline 0.013 -24"><span class='ocrx_word' id='word_1_184' title='bbox 921 3454 984 3512; x_wconf 75' lang='grc' dir='ltr'><strong>ἔστι</strong></span> <span class='ocrx_word' id='word_1_185' title='bbox 1006 3457 1032 3512; x_wconf 80' lang='grc' dir='ltr'><strong>δ’</strong></span> <span class='ocrx_word' id='word_1_186' title='bbox 1054 3458 1150 3535; x_wconf 67' lang='grc' dir='ltr'><em>ἵμερος</em></span> 
     </span>
     <span class='ocr_line' id='line_1_28' title="bbox 510 3557 798 3638; baseline 0.01 -24"><span class='ocrx_word' id='word_1_187' title='bbox 510 3557 709 3638; x_wconf 73' lang='grc' dir='ltr'><em>εὔκρατος,</em></span> <span class='ocrx_word' id='word_1_188' title='bbox 731 3565 798 3617; x_wconf 84' lang='grc' dir='ltr'><em>κτλ.</em></span> 
     </span>
    </p>
   </div>
   <div class='ocr_carea' id='block_1_5' title="bbox 270 3769 1389 4280">
    <p class='ocr_par' dir='ltr' id='par_1_9' title="bbox 270 3769 1389 4280">
     <span class='ocr_line' id='line_1_29' title="bbox 310 3769 1388 3855; baseline 0.006 -23"><span class='ocrx_word' id='word_1_189' title='bbox 310 3769 361 3834; x_wconf 81' lang='lat' dir='ltr'><strong>Fr.</strong></span> <span class='ocrx_word' id='word_1_190' title='bbox 394 3769 625 3835; x_wconf 85' lang='lat' dir='ltr'>DGLXXXVI.</span> <span class='ocrx_word' id='word_1_191' title='bbox 657 3771 711 3836; x_wconf 93' lang='lat' dir='ltr'><strong>Me</strong></span> <span class='ocrx_word' id='word_1_192' title='bbox 742 3777 774 3836; x_wconf 90' lang='lat' dir='ltr'><strong>et</strong></span> <span class='ocrx_word' id='word_1_193' title='bbox 803 3771 959 3837; x_wconf 82' lang='lat' dir='ltr'><strong>Cobetum</strong></span> <span class='ocrx_word' id='word_1_194' title='bbox 992 3778 1068 3855; x_wconf 89' lang='lat' dir='ltr'><strong>post</strong></span> <span class='ocrx_word' id='word_1_195' title='bbox 1098 3773 1388 3850; x_wconf 78' lang='lat' dir='ltr'><strong>Hemsterhusium</strong></span> 
     </span>
     <span class='ocr_line' id='line_1_30' title="bbox 270 3877 1389 3966; baseline 0.007 -28"><span class='ocrx_word' id='word_1_196' title='bbox 270 3877 356 3956; x_wconf 92' lang='lat' dir='ltr'><strong>quod</strong></span> <span class='ocrx_word' id='word_1_197' title='bbox 377 3877 606 3954; x_wconf 67' lang='lat' dir='ltr'><strong>nesciebamus</strong></span> <span class='ocrx_word' id='word_1_198' title='bbox 629 3878 822 3944; x_wconf 85' lang='lat' dir='ltr'><strong>conicientes</strong></span> <span class='ocrx_word' id='word_1_199' title='bbox 844 3877 896 3938; x_wconf 84' lang='grc' dir='ltr'>κεὺ</span> <span class='ocrx_word' id='word_1_200' title='bbox 917 3901 977 3959; x_wconf 89' lang='lat' dir='ltr'><strong>pro</strong></span> <span class='ocrx_word' id='word_1_201' title='bbox 996 3885 1045 3938; x_wconf 79' lang='lat' dir='ltr'><strong>aul</strong></span> <span class='ocrx_word' id='word_1_202' title='bbox 1063 3879 1267 3966; x_wconf 85' lang='lat' dir='ltr'><strong>vehementer</strong></span> <span class='ocrx_word' id='word_1_203' title='bbox 1284 3880 1389 3964; x_wconf 78' lang='lat' dir='ltr'><strong>curpit</strong></span> 
     </span>
     <span class='ocr_line' id='line_1_31' title="bbox 270 3978 1389 4066; baseline 0.005 -20"><span class='ocrx_word' id='word_1_204' title='bbox 270 3980 475 4048; x_wconf 72' lang='lat' dir='ltr'><strong>Schmidtiuc.</strong></span> <span class='ocrx_word' id='word_1_205' title='bbox 495 3978 646 4048; x_wconf 79' lang='lat' dir='ltr'><strong>Attamen</strong></span> <span class='ocrx_word' id='word_1_206' title='bbox 665 3983 763 4066; x_wconf 83' lang='lat' dir='ltr'><strong>(quod</strong></span> <span class='ocrx_word' id='word_1_207' title='bbox 782 4007 861 4065; x_wconf 86' lang='lat' dir='ltr'><strong>pace</strong></span> <span class='ocrx_word' id='word_1_208' title='bbox 878 3985 1000 4050; x_wconf 88' lang='lat' dir='ltr'><strong>dictum</strong></span> <span class='ocrx_word' id='word_1_209' title='bbox 1020 3986 1062 4048; x_wconf 86' lang='lat' dir='ltr'><strong>sit</strong></span> <span class='ocrx_word' id='word_1_210' title='bbox 1084 3984 1219 4052; x_wconf 88' lang='lat' dir='ltr'><strong>Porsoni</strong></span> <span class='ocrx_word' id='word_1_211' title='bbox 1237 3995 1267 4052; x_wconf 86' lang='lat' dir='ltr'><strong>et</strong></span> <span class='ocrx_word' id='word_1_212' title='bbox 1285 3987 1389 4052; x_wconf 90' lang='lat' dir='ltr'><strong>Krue-</strong></span> 
     </span>
     <span class='ocr_line' id='line_1_32' title="bbox 271 4090 1389 4170; baseline 0.006 -18"><span class='ocrx_word' id='word_1_213' title='bbox 271 4090 349 4168; x_wconf 82' lang='lat' dir='ltr'><strong>geri,</strong></span> <span class='ocrx_word' id='word_1_214' title='bbox 381 4112 519 4170; x_wconf 93' lang='lat' dir='ltr'><strong>quorum</strong></span> <span class='ocrx_word' id='word_1_215' title='bbox 546 4093 731 4156; x_wconf 84' lang='lat' dir='ltr'><strong>memoriam</strong></span> <span class='ocrx_word' id='word_1_216' title='bbox 762 4091 851 4154; x_wconf 90' lang='lat' dir='ltr'><strong>valde</strong></span> <span class='ocrx_word' id='word_1_217' title='bbox 883 4094 1029 4168; x_wconf 87' lang='lat' dir='ltr'><strong>veneror)</strong></span> <span class='ocrx_word' id='word_1_218' title='bbox 1061 4093 1233 4158; x_wconf 87' lang='lat' dir='ltr'><strong>admodum</strong></span> <span class='ocrx_word' id='word_1_219' title='bbox 1264 4096 1389 4159; x_wconf 88' lang='lat' dir='ltr'><strong>videtur</strong></span> 
     </span>
     <span class='ocr_line' id='line_1_33' title="bbox 270 4197 1388 4280; baseline 0.001 -21"><span class='ocrx_word' id='word_1_220' title='bbox 270 4197 438 4278; x_wconf 89' lang='lat' dir='ltr'><strong>probabile</strong></span> <span class='ocrx_word' id='word_1_221' title='bbox 468 4203 582 4280; x_wconf 86' lang='lat' dir='ltr'><strong>poetas</strong></span> <span class='ocrx_word' id='word_1_222' title='bbox 610 4199 746 4276; x_wconf 80' lang='lat' dir='ltr'><strong>Atticos,</strong></span> <span class='ocrx_word' id='word_1_223' title='bbox 775 4199 831 4279; x_wconf 91' lang='lat' dir='ltr'><strong>qui</strong></span> <span class='ocrx_word' id='word_1_224' title='bbox 859 4221 929 4263; x_wconf 86' lang='lat' dir='ltr'><strong>eam</strong></span> <span class='ocrx_word' id='word_1_225' title='bbox 950 4199 1052 4263; x_wconf 81' lang='lat' dir='ltr'><strong>cresin</strong></span> <span class='ocrx_word' id='word_1_226' title='bbox 1074 4221 1138 4263; x_wconf 89' lang='lat' dir='ltr'><strong>nou</strong></span> <span class='ocrx_word' id='word_1_227' title='bbox 1160 4201 1263 4265; x_wconf 87' lang='lat' dir='ltr'><strong>solum</strong></span> <span class='ocrx_word' id='word_1_228' title='bbox 1284 4200 1316 4265; x_wconf 92' lang='lat' dir='ltr'><strong>in</strong></span> <span class='ocrx_word' id='word_1_229' title='bbox 1339 4208 1388 4261; x_wconf 76' lang='lat' dir='ltr'><strong>aul</strong></span> 
     </span>
    </p>
   </div>
   <div class='ocr_carea' id='block_1_6' title="bbox 0 0 1588 5002">
    <p class='ocr_par' dir='ltr' id='par_1_10' title="bbox 0 0 1588 5002">
     <span class='ocr_line' id='line_1_34' title="bbox 0 0 1588 5002; baseline 0 0"><span class='ocrx_word' id='word_1_230' title='bbox 0 0 1588 5002; x_wconf 95' lang='lat' dir='ltr'><strong> </strong></span> 
     </span>
    </p>
   </div>
  </div>
 </body>
</html>
