3166 5002
754 511 793 576 55

213 693 290 760 ἵκεθ’
313 720 374 780 pro
396 692 513 767 iuvent
534 697 590 762 sed
612 698 716 762 verior
736 720 777 764 ne
798 697 927 778 gravius
948 701 1115 778 peccatum
1132 697 1224 762 sitin
1241 719 1335 779 prae·

213 825 323 886 gresso
350 827 379 869 v.
408 805 476 880 96-7,
505 825 600 885 quem
628 793 706 868 satis
736 805 923 887 expeditum
952 827 1017 869 non
1046 826 1113 869 esse
1135 804 1334 869 demonstrat

211 910 292 992 ipsa,
335 932 432 991 quam
469 913 621 975 secuntur
661 910 865 992 interpretes,
907 911 1065 976 Wunleri
1105 911 1333 993 interpretatio

212 1017 325 1082 haece:
351 1016 453 1096 ,Nam
475 1017 561 1098 quod
581 1039 632 1082 me
652 1017 758 1099 ipsum
780 1021 897 1100 tangat
917 1018 1042 1082 nullum
1062 1019 1095 1082 in
1118 1017 1334 1099 meproferre

191 1123 354 1202 ,crimen
380 1123 503 1205 poteris
532 1127 759 1208 propterea
787 1125 893 1205 quod
921 1147 983 1207 ego
1011 1125 1091 1190 haec
1111 1124 1145 1206 (i.
1168 1147 1194 1190 e.
1218 1123 1335 1209 prc'p-

214 1234 295 1310 ,ter
322 1253 368 1296 ea
396 1231 512 1312 quae)
538 1230 571 1294 in
592 1253 643 1296 me
663 1252 817 1312 meosque
837 1231 997 1314 peccavi.”
1019 1231 1103 1296 Mira
1123 1254 1199 1296 sane
1220 1235 1334 1316 poetae

211 1337 364 1406 infantie!
393 1338 439 1402 At
460 1337 487 1404 si
508 1337 696 1420 diligentius
717 1339 813 1402 verba
835 1337 956 1404 Graeca
977 1338 1023 1402 sio
1043 1338 1206 1417 vertimus,
1232 1337 1335 1416 ,Nam

215 1444 319 1525 ,quod
347 1467 396 1509 me
424 1444 552 1525 quidem
575 1444 682 1526 ipsum
703 1447 829 1526 tangat,
850 1445 975 1509 nullum
995 1444 1138 1509 invenias
1160 1444 1239 1508 mihi
1259 1467 1334 1526 pec·

214 1550 295 1629 ,cati
317 1550 540 1633 opprobrium,
562 1556 698 1633 propter
718 1551 804 1632 quod
827 1551 905 1615 haec
925 1551 958 1615 in
978 1573 1029 1616 me
1050 1573 1202 1632 meosque
1220 1561 1334 1634 pecca·

214 1658 334 1737 ,bam'',
351 1658 570 1741 intellegimus
587 1680 652 1722 non
669 1658 749 1723 illud
769 1658 908 1723 voluisse
925 1663 1058 1741 poetam
1076 1658 1214 1740 sedhoo,
1229 1656 1332 1738 ,Nam

211 1766 317 1846 ,quod
345 1766 385 1830 ad
413 1787 463 1830 me
491 1765 620 1846 quidem
648 1764 754 1847 ipsum
783 1765 910 1844 attinet,
931 1765 1013 1830 nihil
1033 1766 1068 1829 in
1089 1765 1169 1830 meis
1190 1767 1334 1830 moribus

214 1877 324 1955 ,turpe
352 1875 384 1938 et
413 1873 587 1954 probosum
616 1872 760 1938 invenire
787 1873 919 1955 poteris,
949 1872 1035 1953 quod
1062 1873 1102 1936 ad
1130 1873 1192 1937 ista
1214 1874 1333 1938 scelera

213 1980 390 2062 ,patranda
417 2001 467 2044 me
488 1979 726 2044 commoverit.”
747 1979 800 2046 Sic
822 1980 907 2044 enim
927 1981 1152 2046 tantummodo
1175 1977 1245 2042 ns
1267 1984 1334 2040 θτου

210 2092 296 2153 recte
317 2086 472 2169 explicari
492 2089 610 2168 potest.
632 2085 702 2152 Iam
724 2109 798 2152 vero
820 2091 965 2170 apparet,
983 2087 1045 2152 nisi
1062 2087 1167 2165 fallor,
1186 2083 1339 2169 θμαρτῖαε

210 2196 419 2278 depravatum
444 2215 521 2270 esse,
542 2194 597 2258 sed
617 2194 685 2259 eius
706 2195 853 2260 vocabuli
878 2195 1033 2259 eorrectio
1055 2217 1188 2277 prorsus
1212 2195 1334 2260 incerta

210 2306 268 2367 est.
288 2301 514 2382 Intellegerem
535 2305 699 2380 αἰσχρὸν
721 2281 866 2381 τρθτεθν
887 2303 995 2368 ὄνειδος
1015 2302 1066 2366 vel
1087 2299 1334 2383 ἀκαθαρσίας

210 2411 317 2474 ὄνειδος
344 2407 395 2472 vel
423 2412 642 2488 στθμαργος
669 2407 714 2465 ὢν
741 2409 856 2473 θνειδος.
882 2405 1046 2483 Quaerant
1066 2407 1130 2472 alii.
1153 2407 1234 2473 Mihi
1254 2409 1333 2473 satis

193 2520 278 2612 vesto
300 2515 363 2581 loci
385 2515 498 2579 vitium
518 2514 684 2580 indicasse.
706 2513 752 2580 cf.
774 2536 871 2599 supra
892 2515 951 2580 270
972 2537 1042 2596 sqq.

210 2727 288 2794 Oed.
311 2727 376 2793 Col.
397 2729 456 2794 885
477 2733 586 2808 μόλετε
598 2730 653 2788 σὺν
664 2735 765 2807 ταχεῖ,
777 2735 890 2809 μθλετ’,
901 2734 962 2788 tirel
974 2735 1015 2788 τέ
1019 2752 1034 2809 ρ
1042 2750 1083 2789 αν
1098 2737 1203 2810 πρῶτ’
1215 2734 1277 2789 olle
1288 2735 1334 2809 δή.

250 2836 353 2901 Huius
370 2836 433 2901 loci
451 2840 500 2901 est
522 2842 629 2917 τέρα,
652 2835 762 2900 ultra
783 2836 847 2918 (fas
864 2836 929 2916 sc),
947 2858 1012 2900 non
1030 2842 1129 2916 πέραν,
1148 2837 1235 2918 quod
1251 2859 1334 2902 sem·

209 2947 319 3025 peret
340 2942 459 3024 ubique
480 2946 596 3007 trans
617 2941 786 3024 significat.

210 3151 286 3219 Oed.
310 3153 376 3219 Col.
399 3155 478 3220 1164
499 3160 543 3214 σοὶ
566 3153 662 3236 φασὶν
682 3159 772 3216 αὐτὸν
793 3162 823 3223 ἐς
842 3162 951 3235 λόγους
971 3163 985 3216 ε’
992 3161 1096 3217 λθεῖν
1116 3160 1274 3236 μολθντ’

498 3267 591 3322 αῖτεῖν
615 3266 752 3322 θεεελθεῖν
774 3261 925 3344 ἀσφαλῶς
947 3272 1001 3342 τῆς
1021 3267 1097 3344 δεῦρ’
1120 3267 1194 3323 ὀδοῦ.

248 3366 301 3433 Sic
318 3366 403 3446 libri,
420 3368 475 3433 sed
494 3368 589 3450 volgo
607 3370 714 3434 editur
732 3375 869 3430 ατελθεῖν
887 3377 914 3430 τ’
932 3393 970 3437 ex
989 3371 1122 3436 Heathii
1139 3372 1332 3450 coniectura,
1405 3451 1409 3459 Ι

209 3497 290 3558 quae
307 3478 419 3557 aperte
432 3498 499 3542 non
516 3475 644 3559 sufficit,
664 3499 762 3558 quare
778 3476 945 3544 Nauckius
964 3479 1101 3544 coniecit
1114 3482 1208 3538 ἐλθεῖν
1220 3483 1333 3539 θέλοντ’

207 3583 345 3648 fortasse
365 3587 462 3662 recte,
483 3583 559 3648 licet
581 3583 692 3648 elisum
710 3585 918 3667 participium
936 3585 1117 3667 suspicione
1135 3609 1200 3651 non
1216 3591 1333 3658 careat,

208 3712 283 3754 nam
304 3691 339 3754 in
360 3690 439 3756 solis
458 3690 626 3772 particulis
647 3694 680 3749 δέ
700 3695 733 3756 et
754 3712 787 3750 τε
807 3690 1001 3772 Sophoclem
1021 3714 1091 3756 earn
1114 3692 1280 3757 elisionem
1299 3691 1332 3754 in

208 3796 272 3861 fine
293 3797 411 3862 senarii
433 3797 599 3862 admisisse
619 3799 775 3878 suspicor.
792 3799 814 3880 ²)
836 3796 988 3864 Conicere
1008 3798 1061 3864 hic
1080 3799 1201 3884 possis:

212 3945 426 3957 ..ι-*-

242 4029 267 4096 ’“)
286 4035 316 4084 0.
334 4036 365 4084 Β.
385 4037 433 4084 832
453 4036 564 4084 sortasse
583 4029 670 4082 ταῦτ’
691 4043 731 4086 est
750 4039 911 4098 glossatoris,
931 4041 957 4086 et
976 4053 1036 4086 vera
1054 4041 1144 4088 lectio:

289 4120 318 4173 rt
338 4137 382 4194 pe
407 4120 418 4185 ll
440 4120 543 4182 θ’λλως
566 4121 722 4194 ἐλέγχειςς
