3166 5002
816 574 852 639 18

845 764 900 820 κόν
921 766 953 820 τό
974 767 1068 841 μηδὲν
1090 766 1111 820 ὤ

574 877 643 936 κός
663 872 757 948 μηδὲν
778 872 862 949 ἕρπω,

272 981 309 1040 ut
329 978 371 1041 sit
392 981 430 1042 et
452 978 498 1041 ad
519 977 693 1042 nihilum
714 977 898 1060 redigar,
919 976 1133 1042 inteream.

312 1083 467 1150 Similiter
488 1089 574 1150 certe
595 1089 693 1169 poeta
712 1085 838 1150 loeutus
860 1089 909 1150 est
929 1085 1029 1150 Eleet.
1051 1086 1110 1150 999

514 1197 627 1271 δαίμων
649 1197 680 1252 δέ
702 1204 762 1259 ταῖς
781 1199 836 1273 μέν
858 1196 985 1272 εὐτυχεῖ
1003 1195 1067 1252 καθ’
1089 1197 1210 1273 ἡμέραν,

514 1303 584 1380 ημῖν
605 1294 772 1381 δ’ἐόπορρεῖ
790 1306 879 1360 καπθ
900 1304 1021 1380 μηδὲν
1043 1302 1211 1381 ἔρχεται.

272 1406 311 1471 of.
332 1405 372 1471 fr.
394 1405 461 1487 713,
483 1407 511 1483 8,
532 1407 588 1472 ubi
609 1411 656 1472 est
678 1408 766 1472 varia
787 1409 882 1473 lectio
907 1415 967 1474 κεθς
989 1412 1020 1467 τὸ
1042 1430 1102 1491 pro
1125 1414 1205 1468 κόπὶ.

272 1675 387 1740 Traoh.
411 1676 489 1741 1126
511 1676 629 1759 Hyllus
651 1677 716 1754 ἔχει
737 1683 795 1757 γαρ
817 1678 910 1742 οὕτως
931 1680 1006 1736 ὥστε
1027 1681 1068 1755 μη
1091 1686 1181 1754 σιγαν
1203 1684 1329 1756 πρέπειν.

512 1783 608 1848 Hero.
650 1786 683 1842 οὐ
704 1787 780 1861 δῆτα
802 1792 880 1849 τοῖς
901 1805 943 1860 γε
965 1787 1123 1863 πρόσθεν
1146 1783 1372 1864 ἡμαρτημένοις,

513 1889 628 1972 Hyllus
650 1893 720 1948 ἀλλ’
740 1891 804 1949 οὐδὲ
818 1892 921 1969 μὲνδὴ
940 1897 1019 1955 ταῖς
1033 1893 1063 1966 γ’
1079 1888 1137 1970 ἐφ’
1145 1895 1222 1976 ’.ημέ
1227 1910 1294 1969 ραν
1312 1895 1392 1970 έρεῖς.

312 1997 399 2062 Bene
416 1995 613 2061 Schmidtius
631 1996 814 2062 observavit
830 1995 882 2077 ἐφ’
900 2000 1010 2076 ἡμέραν
1028 2018 1092 2061 non
1104 1996 1286 2079 significare
1298 2019 1393 2079 posse

272 2104 409 2179 hodie,
428 2105 481 2168 sed
499 2126 539 2168 ne
555 2106 619 2162 καθ’
638 2109 749 2183 ἡμέραν
766 2104 905 2185 quidem,
921 2103 1007 2183 quod
1021 2104 1279 2168 substituendum
1289 2107 1391 2187 putat,

271 2212 355 2275 nude
383 2211 527 2292 positum
554 2211 587 2274 id
615 2209 785 2291 significat,
808 2211 862 2274 sed
884 2209 1084 2290 quotidie.
1110 2209 1243 2274 Hodie
1265 2213 1393 2290 praeter

273 2323 400 2397 σήμερον
420 2318 454 2381 in
474 2317 642 2398 tragoedia
663 2316 780 2380 dicitur
800 2319 867 2394 τῇδ’
887 2321 979 2396 ημέρα
998 2316 1064 2380 sive
1081 2319 1147 2394 τῇδ’
1165 2321 1196 2374 έν
1215 2319 1308 2396 ημέρα
1326 2317 1392 2380 sive

273 2426 337 2482 καθ’
362 2429 472 2504 ἡμέραν
494 2428 562 2502 την
585 2429 665 2493 νῦν,
686 2429 722 2487 ut
741 2422 919 2505 Sophocles
938 2423 1021 2487 dixit
1042 2421 1078 2486 Ο.
1100 2420 1132 2485 0.
1155 2423 1183 2485 3.
1206 2420 1268 2486 Sed
1289 2421 1392 2485 multo

274 2532 423 2616 graviore
437 2531 619 2613 corruptela
637 2530 689 2595 hic
707 2531 796 2594 loeus
807 2529 955 2594 laborare
966 2530 1102 2606 videtur,
1115 2531 1147 2592 et
1157 2548 1260 2607 neque
1272 2530 1392 2607 πρόσθεν

271 2641 305 2703 in
327 2639 464 2702 secundo
485 2660 588 2717 neque
611 2636 662 2717 ἐφ’
684 2641 795 2715 ἡμέραν
817 2640 873 2700 aut
894 2630 966 2695 καθ’
989 2640 1100 2714 ἡμέραν
1121 2632 1186 2714 (fao
1210 2634 1393 2717 significare

272 2769 368 2828 posse
394 2745 526 2824 hodie)
555 2745 588 2808 in
615 2743 712 2808 tertio
740 2764 831 2808 versu
858 2747 933 2808 sunt
953 2743 1048 2806 huius
1071 2743 1145 2807 loci.
1165 2741 1252 2806 Nam
1272 2744 1392 2821 πρόσθεν

273 2851 424 2930 abundat,
447 2850 600 2931 quoniam
616 2850 679 2914 dici
696 2871 760 2914 non
777 2851 886 2930 potuit
902 2873 962 2933 pro
980 2856 1095 2930 όρτιως,
1113 2854 1145 2914 et
1161 2850 1251 2915 notio
1269 2849 1393 2914 hodie

272 2981 370 3040 prave
399 2959 428 3022 ei
459 2957 615 3022 vocabulo
643 2957 828 3039 opponitur,
857 2958 934 3039 quia
960 2957 1054 3022 unius
1075 2957 1139 3022 diei
1160 2957 1266 3038 spatio
1288 2960 1392 3022 totam

272 3064 416 3128 fabulam
436 3064 522 3128 finiri
542 3063 711 3146 probabile
732 3067 790 3128 est.

314 3169 373 3234 His
394 3169 574 3234 rationibus
597 3170 752 3234 adductus
776 3171 881 3234 locum
902 3171 947 3234 sic
969 3173 1110 3250 tempto:

275 3275 368 3340 Hero.
391 3279 423 3334 οὐ
445 3279 521 3353 δητα
543 3283 643 3334 τοῖσί
664 3298 706 3353 γε
727 3280 814 3355 πρὸς
836 3276 888 3354 ἔμ’
911 3280 1137 3355 ημαρτημένοις.
1232 3353 1238 3358 η

273 3382 362 3464 Hyll.
390 3386 518 3447 ἄλλως
536 3403 579 3459 γε
599 3387 655 3461 μέν
676 3386 711 3460 δη
735 3391 814 3447 τοῖς
836 3382 950 3440 ἔπειτ’
974 3382 1066 3461 ἔρεξ’
1089 3381 1289 3465 (veltdpoer')
1311 3387 1391 3462 ἐρεῖς.

273 3491 307 3554 in
327 3511 391 3570 qua
413 3489 596 3554 coniectura
616 3491 717 3554 ἄλλως
737 3510 773 3566 γε
794 3489 927 3553 debetur
947 3488 1136 3554 Sohmidtio.

275 3756 388 3821 Traoh.
411 3757 490 3821 1130
511 3756 629 3840 Hyllus
649 3753 795 3837 τέθνηκεν
817 3764 922 3838 όρτέως
942 3757 1125 3839 νεοσφαγης.

345 3869 347 3876 ’
512 3864 605 3929 Herc..
647 3868 715 3944 πρὸς
735 3870 803 3935 τοῦς
824 3871 910 3945 τέρας
930 3886 974 3924 τοι
995 3869 1055 3924 διό
1077 3873 1177 3923 κακῶ
1184 3886 1200 3924 ν
1217 3869 1381 3933 ἐθέσπισας.

313 3971 432 4037 Locum
448 3971 620 4037 manifesto
631 3992 697 4035 non
707 3974 800 4035 sanat
812 3970 982 4036 Schmidtii
992 3972 1175 4037 coniectura
1186 3976 1247 4032 δια
1265 3981 1391 4033 κενῶν.

273 4081 398 4160 Aptum
422 4079 507 4144 foret
528 4085 614 4159 τέρας
634 4099 677 4136 τοι
699 4082 759 4137 δαν
766 4083 898 4156 μόνιαν
918 4075 1090 4148 ἐθέσπισας,
1111 4081 1147 4143 ut
1167 4083 1265 4161 poeta
1285 4079 1392 4160 loqui-

273 4191 326 4249 tur
347 4186 459 4267 Antig.
481 4187 549 4250 376.
