3166 5002
778 559 797 622 5

427 745 617 824 έκρίψοοτ’,
639 739 713 805 ἔνθα
734 747 845 823 μήτοτ’
866 739 1018 818 εἰσοψετθ’
1040 745 1092 802 ἔτι.

225 851 290 931 ubi,
315 854 458 917 correcto
481 871 537 920 τοι,
559 850 654 915 ambo
675 850 772 915 verba
793 851 897 916 locum
918 851 1002 914 inter
1024 873 1057 915 se
1078 855 1260 941 permutare
1281 851 1346 916 ius-

226 960 277 1024 sit.
305 958 551 1040 Obtemperarit
578 980 681 1040 nuper
708 958 737 1022 ei
766 956 941 1022 Nauckius.
964 956 1033 1023 Nec
1053 958 1158 1022 minus
1179 958 1346 1040 probanda

225 1066 435 1148 transpositio
464 1065 691 1129 vocabulorum
721 1068 807 1130 δόλος
834 1069 865 1129 et
893 1065 954 1144 ἔρος
973 1065 1076 1130 Elect.
1099 1066 1166 1142 197,
1187 1066 1242 1130 ubi
1263 1067 1346 1131 male

225 1173 379 1237 traditum
408 1177 456 1238 est
484 1176 593 1238 δόλος
622 1173 657 1250 ἦν
684 1178 697 1231 ὁ
726 1170 856 1252 φράσος,
884 1173 964 1251 ἔρος
991 1177 1154 1242 cursim,
1175 1195 1270 1254 quam
1288 1173 1346 1236 ali·

226 1280 352 1360 quando
381 1279 537 1361 proposui
562 1279 706 1343 nesciens
731 1279 815 1343 idem
838 1278 914 1342 olim
933 1278 1069 1343 suasisse
1091 1278 1346 1344 Wakefieldium.

226 1387 323 1451 Plura
343 1387 406 1452 hoc
425 1408 526 1469 genus
547 1386 813 1468 adderenpossim
835 1386 890 1450 sed
907 1386 1072 1450 redeamus
1089 1387 1131 1451 ad
1148 1385 1345 1452 Trachinius.

266 1653 381 1718 Trach.
403 1655 442 1718 86
463 1652 579 1736 Hyllus
600 1653 661 1717 ait:

426 1764 496 1819 ἀλλ’
519 1762 589 1839 εἶμι,
610 1767 713 1840 μῆτερ·
734 1767 759 1818 εἰ
780 1764 811 1818 δὲ
831 1755 1000 1841 θεσφάτων
1021 1764 1079 1837 ἐγὼ

425 1871 515 1945 βάξιν
536 1870 652 1951 sarphu
675 1870 778 1936 τῶνδε,
799 1868 856 1924 κᾶν
879 1871 972 1925 τάλαι
995 1874 1125 1946 repar.

265 1975 414 2040 Formam
443 1975 588 2039 Atticam
616 1982 694 2054 τομῆ
712 1974 863 2039 restituit
891 1974 1071 2051 Elmsleius,
1100 1974 1156 2038 sed
1177 1996 1289 2038 vereor
1311 1979 1348 2038 ut

225 2084 330 2167 ipsum
353 2084 483 2149 verbum
506 2093 637 2163 τορεῖνοο
658 2083 701 2147 sit
722 2083 817 2146 huius
839 2081 911 2147 loci.
932 2081 1018 2145 Nam
1040 2084 1116 2163 quia
1135 2081 1199 2146 hoc
1216 2082 1348 2146 verbum

225 2190 371 2255 absolute
393 2191 535 2273 positum
556 2189 705 2270 usurpari
726 2189 808 2253 solet
826 2188 865 2253 de
884 2188 1067 2268 praesentia
1087 2187 1120 2251 in
1142 2209 1179 2251 eo
1200 2187 1272 2252 loco
1293 2188 1348 2251 ubi

225 2320 398 2376 versamur,
430 2302 465 2362 ut
497 2296 581 2361 inlra
609 2297 666 2360 141
695 2300 727 2361 et
753 2298 822 2374 397,
850 2300 958 2377 poeta,
988 2296 1014 2358 si
1042 2317 1079 2359 eo
1109 2295 1158 2358 uti
1185 2295 1348 2370 voluisset,

226 2405 408 2480 addidisset,
435 2403 498 2482 nisi
525 2403 630 2482 fallor,
657 2409 697 2475 τῷ
721 2408 818 2482 carpi,
843 2406 875 2466 et
897 2402 983 2483 quod
1003 2402 1140 2483 gravius,
1163 2400 1260 2465 verba
1280 2406 1347 2465 tam

225 2532 413 2594 praegressa
443 2533 539 2592 quam
568 2510 735 2591 sequentia
762 2509 903 2573 indicare
929 2508 1010 2572 mihi
1039 2507 1187 2572 videntur
1216 2507 1347 2591 Hyllum

226 2640 291 2682 non
308 2617 469 2698 proficisci
487 2621 523 2681 ut
541 2621 677 2698 patrem,
696 2616 751 2698 qui
769 2617 825 2681 ubi
843 2615 885 2680 sit
902 2616 1082 2697 ignoratur,
1100 2615 1278 2693 conveniat,
1294 2615 1349 2679 sed

226 2724 356 2788 alterius
383 2724 485 2788 instar
511 2723 697 2788 Telemachi
723 2729 801 2782 κοντοὶ
831 2727 938 2782 πύστιν
966 2726 1074 2802 τοτμὸς
1098 2726 1153 2800 δὴν
1175 2728 1348 2801 οἰχομένοιο.

226 2830 425 2914 Expectatur
441 2831 542 2911 igitur
555 2830 665 2912 potius
676 2830 755 2894 haec
767 2829 833 2893 eius
845 2829 966 2894 oratio:
984 2828 1127 2893 dudum
1147 2851 1243 2893 sane
1259 2850 1349 2910 pro-

225 2937 361 3006 fectus
396 2937 525 3002 forem
557 2938 844 3015 siveabessem‚
877 2940 908 3000 et
939 2937 1033 3001 valde
1062 2936 1182 3000 inclino
1214 2936 1247 2999 in
1279 2956 1348 2999 eam

227 3043 421 3108 sententiam
442 3047 479 3107 ut
500 3042 694 3125 Sophoclem
715 3043 880 3124 scripsisse
901 3042 1098 3107 existimem:

430 3154 511 3220 ἀλλ’,
532 3152 601 3229 εἶμι,
624 3157 728 3230 μήτεμ
746 3156 771 3208 sl
792 3153 823 3209 δὲ
844 3145 1012 3230 θεσφάτων
1033 3153 1091 3226 ἐγὼ

426 3263 515 3337 βάξιν
536 3261 652 3336 sarphu
679 3261 781 3327 τῶνδε,
803 3259 859 3316 κᾶν
880 3262 974 3316 τάλαι
996 3261 1033 3334 γ’
1056 3265 1143 3335 usq.

227 3524 341 3589 Trach.
363 3525 403 3589 94
423 3530 455 3584 ὃν
476 3531 563 3584 αἰόλοι
585 3527 642 3604 νὺξ
661 3531 674 3584 ε’
682 3529 810 3606 νοοροζο
818 3532 911 3605 μένοι
933 3531 1027 3585 τίκτει
1048 3531 1109 3586 κτέ.

266 3633 410 3698 Affertur
438 3655 457 3696 a
483 3632 626 3697 Meklero
656 3633 831 3714 (Dindorfii
859 3632 906 3697 ed.
934 3631 981 3696 Vl
1001 3631 1087 3714 Lips.
1110 3631 1200 3713 1885)
1223 3631 1350 3697 Fechtii

228 3739 409 3804 coniectura
437 3744 652 3818 μετομειβο
661 3746 770 3818 μένοι,
799 3761 862 3820 qua
891 3739 1013 3822 optime
1035 3739 1213 3804 sententiae
1233 3760 1350 3802 consu·

225 3844 314 3909 litur.
342 3843 456 3909 Paullo
484 3850 590 3909 tamen
618 3845 721 3910 lenius
748 3849 796 3909 est
822 3867 881 3910 nec
902 3845 1007 3910 minus
1030 3850 1151 3928 aptum,
1174 3845 1258 3926 quod
1280 3845 1349 3925 ipse

226 3973 253 4015 a.
277 3953 356 4016 1876
376 3953 532 4034 proposui
559 3952 788 4034 Verslagen
810 3974 855 4016 en
874 3952 1214 4033 Mededeelingen
1242 3949 1298 4028 Vl,
1321 3952 1349 4029 1,
1389 4039 1391 4044 Ι

227 4080 302 4139 pag.
326 4060 374 4140 26,
404 4064 705 4139 έτομειβομένο.
734 4058 818 4124 Utra
846 4059 1028 4124 coniectura
1048 4059 1138 4140 prior
1159 4059 1202 4124 sit
1223 4059 1349 4142 ignoro,

228 4167 305 4248 quin
326 4166 427 4231 altera
448 4172 520 4231 utra
543 4189 617 4231 vera
639 4167 681 4231 sit
703 4166 755 4229 vix
776 4166 899 4231 dubito.
