3166 5002
747 533 785 598 41

246 718 336 784 Ferri
363 741 429 784 non
455 741 551 800 posse
578 727 603 778 εί
629 722 738 784 σθένεις
765 720 845 783 satis
871 718 1078 784 manifestum
1105 721 1163 796 est,
1187 719 1328 783 sednon

207 825 333 907 placent
353 826 541 908 propositae
561 826 770 890 coniecturae.
791 823 877 888 Nam
897 824 925 889 si
945 845 1017 887 cum
1033 823 1235 889 Weckleinio
1248 824 1327 905 legi-

205 954 276 995 mus
303 938 334 990 εί
360 939 503 1000 στένει,
531 932 710 996 necessario
739 931 955 996 concludimus
976 931 1137 996 Electram
1160 931 1254 996 fratri
1274 954 1328 995 su-

207 1038 301 1102 adere
321 1041 417 1102 utne
438 1037 543 1119 primo
563 1037 644 1102 ictui
664 1059 783 1101 novum
803 1037 912 1115 addat,
931 1038 1054 1102 sinon
1072 1041 1180 1118 gemat
1198 1037 1327 1120 Clytae-

206 1145 332 1223 mestra,
348 1143 396 1207 sin
415 1164 489 1208 vero
508 1165 581 1209 cum
601 1142 780 1209 Schmidtio
801 1144 1026 1208 substituimus
1048 1148 1086 1209 ὡς
1106 1143 1163 1223 σφ’
1185 1147 1256 1223 ίλῆς
1277 1144 1328 1209 vel

207 1257 245 1316 ὡς
264 1246 355 1331 terp,
377 1250 530 1333 Sophocli
549 1251 723 1316 tribuimus
744 1273 827 1332 quae
847 1251 1020 1316 abundant.
1041 1250 1110 1316 Neo
1130 1255 1239 1318 tamen
1256 1252 1326 1334 ipse

205 1356 331 1438 reperio
358 1357 443 1437 quod
465 1356 547 1421 mihi
569 1356 758 1432 satisfaciat,
784 1379 860 1420 nam
887 1353 1044 1426 εὐσθενῶς,
1072 1362 1108 1421 ut
1129 1353 1274 1436 εὐσθενῆς
1294 1362 1327 1423 et

205 1465 357 1532 εὐσθενείν,
375 1484 486 1528 vereor
503 1466 540 1527 ut
557 1463 683 1544 antiqui
700 1463 743 1526 sit
759 1463 923 1528 sermonis.
934 1463 1040 1528 Etiam
1051 1464 1218 1544 sequentia
1229 1464 1326 1529 verba

206 1576 230 1629 el
250 1576 307 1650 γαρ
329 1573 462 1647 Αίγίσθῳ
483 1565 516 1630 θ’
538 1573 610 1649 ὁμοῦ
632 1571 684 1634 vix
705 1593 783 1635 sana
805 1571 962 1634 videntur.

205 1781 306 1847 Elect.
330 1783 404 1848 1451
428 1784 526 1865 φίλης’
544 1789 602 1864 γαρ
624 1786 806 1870 προξένου
828 1789 1010 1862 κατῆνυσαν.

244 1887 313 1954 Nec
340 1888 571 1971 Clytaemestra
598 1889 785 1954 nuntiorum
811 1894 945 1970 πρόξενος
965 1890 1028 1955 dici
1048 1891 1156 1972 potuit
1175 1912 1235 1956 nec
1255 1913 1325 1956 ver·

204 1996 281 2062 bum
308 2000 484 2056 νιατανιίτειν
511 1998 597 2079 regit
624 1998 818 2080 genetivum.
841 1996 929 2072 Quae
951 1996 1208 2061 animadvertens
1228 1996 1326 2078 Blay·

205 2103 309 2168 deeius
330 2103 464 2185 corrigit
491 2110 527 2168 ές
552 2108 675 2182 ξένου,
703 2107 797 2178 recte,
818 2103 880 2167 nisi
902 2102 988 2184 quod
1008 2103 1119 2167 malim
1142 2109 1178 2170 ἐς
1199 2108 1325 2183 ξένης,

203 2232 267 2274 non
289 2212 374 2275 enim
395 2211 508 2275 dubito
528 2211 606 2292 quin
627 2214 714 2276 recte
735 2210 904 2275 Elmsleius
925 2214 958 2274 et
975 2209 1161 2274 Dindorfius
1178 2209 1326 2292 Euripidi

204 2316 316 2399 Suppl.
337 2319 377 2383 96
397 2317 594 2382 reddiderint
614 2322 634 2396 ξ
639 2324 652 2376 έ
659 2338 725 2385 νας
744 2312 776 2379 θ’
798 2323 878 2395 ὁμοῦ
890 2325 1036 2394 γυναῖκας
1055 2336 1115 2399 pro
1136 2320 1243 2394 ξένους.

243 2529 434 2611 Priusquam
456 2531 496 2595 ad
517 2531 613 2597 aliam
633 2532 777 2596 fabulam
795 2536 956 2596 transeam
974 2530 1071 2594 verbo
1089 2530 1179 2594 lubet
1195 2551 1324 2596 monere

203 2636 328 2717 placere
348 2636 428 2701 mihi
450 2637 608 2719 hodieque
629 2661 709 2720 quas
732 2637 956 2721 Verslagen
977 2660 1010 2720 p.
1032 2638 1150 2702 10-15
1170 2637 1325 2719 proposui

203 2742 402 2807 coniecturas
421 2765 450 2807 v.
471 2744 510 2808 37
531 2749 642 2823 μητρὸς
656 2767 715 2826 pro
737 2742 846 2824 χειρός,
867 2767 929 2809 vss.
949 2744 1009 2808 433
1030 2764 1077 2824 sq.
1098 2743 1224 2825 spurios
1246 2765 1324 2822 esse,

203 2872 232 2914 v.
254 2849 333 2913 1260
351 2852 418 2907 κατ’
436 2854 523 2928 αξίαν
540 2873 600 2932 pro
618 2853 655 2909 οίν
673 2855 769 2929 αξίαιι,
787 2874 816 2915 v.
837 2851 914 2916 1279
931 2857 1081 2930 μεγίστοιν
1099 2873 1158 2932 pro
1169 2844 1323 2929 μεθέσθαι.

202 2953 251 3020 De
272 2955 344 3020 aliis
366 2954 430 3020 iam
450 2957 571 3021 monui.

203 3165 310 3232 Ouum
331 3167 408 3233 Rau.
424 3169 485 3234 420
505 3173 578 3247 βοῆς
599 3173 630 3228 δὲ
652 3178 707 3247 τῆς
727 3178 782 3248 σῆς
802 3179 907 3236 ποῖος
929 3173 980 3230 οὐκ
1002 3172 1085 3230 ἔσται
1109 3176 1243 3250 λιμῆν,

504 3285 582 3342 ποῖος
602 3271 797 3356 Κιθαιρὼν
819 3280 888 3356 οὐχί
910 3277 1073 3359 σύμφωνος
1093 3283 1215 3356 τάχα,

503 3386 574 3443 ὅταν
595 3387 741 3464 καταίσθῆ
762 3390 813 3444 τὸν
835 3388 981 3463 ὑμεναίον,
1003 3390 1034 3446 ὃν
1055 3389 1186 3464 δόμοις

501 3494 627 3569 α’νορμον
648 3495 852 3560 είσέπλευσας,
873 3494 1012 3559 εὐπλοίας
1032 3498 1154 3570 τυχών;

501 3600 629 3656 ίίλλιον
650 3600 681 3655 δὲ
703 3600 814 3674 πλῆθος
835 3600 887 3657 οὐκ
908 3601 1077 3658 έπαισθιίνει
1098 3607 1207 3668 κακῶν,

502 3707 520 3761 rt
542 3705 571 3761 π’
591 3706 724 3781 ἐξισώσει
745 3709 802 3762 σοί
824 3710 945 3762 τεκαὶ
968 3712 1048 3770 τοῖς
1068 3713 1148 3771 σοῖς
1168 3712 1289 3772 τέκνοις.

240 3805 361 3872 Ιιοοοιιι
399 3808 610 3873 multifariam
641 3809 850 3890 depravatum
880 3810 1045 3892 ingeniose
1075 3811 1121 3876 sic
1150 3812 1323 3893 temptavit

200 3911 413 3980 Schmidtius:
603 3991 605 3996 ,

400 4026 474 4099 βοῆς
494 4024 525 4080 al
547 4029 602 4099 τῆς
622 4029 677 4099 σῆς
699 4029 767 4082 ποῦ
788 4028 871 4082 ποτ’
892 4025 944 4082 οὐκ
965 4025 1049 4082 ἔσται
1070 4030 1168 4103 μέλῆ

362 4129 425 4204 (vel
446 4133 519 4205 βοῆς
540 4131 571 4187 δὲ
593 4137 648 4206 σῆς
669 4135 727 4193 τίς
747 4132 811 4188 οὐκ
833 4133 1039 4190 ἀκούσεται
1061 4130 1154 4212 μέλη)
