3166 5002
732 541 771 606 37

193 751 268 793 sane
295 727 366 793 loco
395 748 459 807 quo
488 729 640 809 leguntur
663 748 796 810 prorsus
823 725 1003 808 incongrui.
1027 725 1106 790 Cum
1126 730 1233 790 tamen
1254 747 1313 807 per

193 859 226 901 99
254 836 391 917 spectati
420 835 534 918 optimi
561 835 627 900 sint
655 839 687 900 et
711 855 836 898 summo
856 837 955 915 poeta
976 833 1165 916 dignissimi,
1187 854 1251 896 non
1272 831 1312 895 ab

192 943 425 1023 interpolatore
446 941 523 1019 fieti,
549 942 603 1006 sed
625 941 703 1006 olim
726 963 743 1005 e
762 941 870 1004 nescio
893 962 956 1020 quo
979 939 1146 1022 deperdito
1169 939 1313 1003 dramate

193 1047 346 1130 adscripti
374 1070 391 1112 9
417 1048 563 1130 margine
588 1047 621 1111 in
648 1050 774 1112 textum
801 1045 958 1128 migrasse
981 1046 1138 1110 videntur.
1158 1081 1198 1088 -
1218 1044 1314 1110 Nunc

193 1154 284 1218 video
313 1153 503 1219 Schubertio
531 1153 688 1236 placuisse
716 1153 917 1231 sententiam,
944 1151 1004 1216 hos
1025 1173 1086 1216 199.
1112 1151 1190 1216 olim
1210 1151 1312 1216 lectos

192 1261 290 1326 fuisse
307 1265 383 1342 post
399 1284 428 1326 1.
448 1261 535 1340 1052,
557 1264 670 1324 contra
690 1282 750 1324 199.
773 1259 852 1323 1053
872 1280 920 1338 sq.
942 1259 995 1322 ubi
1017 1257 1114 1324 hodie
1133 1258 1179 1322 illi
1199 1258 1312 1340 legun·

191 1370 254 1447 tur,
283 1389 365 1448 quae
392 1367 502 1449 opinio
532 1387 595 1447 quo
624 1370 720 1447 pacto
749 1365 778 1430 ei
805 1366 839 1442 in
867 1369 1007 1430 mentem
1036 1365 1143 1430 venire
1168 1367 1312 1447 potuerit

192 1473 441 1556 haudquaquam
460 1473 624 1555 intellego.
1303 1465 1308 1472 ’

190 1683 292 1750 Ε1991.
315 1686 393 1750 1009
414 1689 484 1744 ἀλλ’
507 1689 645 1765 αντιαζω,
668 1692 732 1766 πρὶν
754 1681 964 1766 πανωλέθρους
984 1690 1023 1745 τὸ
1046 1699 1117 1745 παν

412 1798 492 1872 ἡροῖς
512 1795 539 1851 τ’
561 1797 677 1853 ὀλέσθαι
699 1798 907 1873 κάξερημῶσαι
929 1800 1023 1871 γένος,

411 1904 568 1977 κατάσχες
588 1904 687 1979 ὀργήν.

230 2004 399 2071 Vocabula
420 2010 452 2066 τὸ
475 2015 543 2075 παν,
565 2028 647 2087 quae
668 2006 731 2071 loci
748 2009 908 2070 structura
924 2006 1017 2088 iungi
1033 2011 1122 2072 vetat
1140 2029 1211 2072 cum
1228 2015 1313 2086 γένος

191 2117 223 2177 91
243 2116 319 2194 post
339 2108 548 2192 πανωλέθρους
568 2112 649 2177 male
670 2113 844 2191 abundant,
866 2135 885 2176 a
906 2118 1087 2178 correctore
1105 2115 1144 2178 ad
1165 2115 1313 2180 deficien-

190 2224 256 2284 tem
282 2220 397 2302 pedem
423 2220 636 2303 supplendum
663 2220 807 2284 additum
835 2242 903 2284 esse
930 2222 1083 2303 suspicor.
1106 2221 1197 2298 Quod
1219 2223 1246 2286 si
1265 2225 1313 2289 ita

191 2329 248 2404 est,
270 2325 415 2390 conicere
435 2325 555 2409 possis:

411 2435 482 2492 αλλ’
504 2436 632 2512 ἀντιάζω
659 2438 730 2512 <dat
753 2445 833 2504 σε>,
855 2439 919 2514 πρὶν
942 2431 1151 2515 πανωλέθρους

410 2543 490 2618 ἡμας
511 2543 539 2599 τ’
561 2544 678 2600 ὀλέσθαι
700 2546 908 2621 καξεριρμῶσαι
929 2549 1025 2620 γένος,

411 2651 567 2724 κατασχές
588 2653 686 2727 ἀργήν.

190 2859 290 2925 101991.
314 2861 392 2925 1035
412 2861 463 2925 El.
486 2864 557 2920 αλλ’
579 2861 628 2921 οὖν
648 2867 758 2922 ἐπίστω
779 2867 810 2939 γ’
832 2863 861 2921 οἶ
876 2865 909 2942 μ’
932 2871 1054 2944 ἀτιμίας
1074 2870 1166 2943 ἄγεις.

410 2966 521 3048 Chrys.
543 2974 664 3047 οὶτιμίας
684 2974 739 3046 μὲν
761 2969 802 3037 οὔ,
824 2965 994 3048 προμηθὶας
1014 2975 1053 3031 δέ
1073 2993 1149 3032 σου.

229 3073 426 3139 Schmidtius
452 3075 589 3140 coniecit
610 3080 654 3140 ὡς
675 3081 796 3154 artatae
817 3076 886 3154 ἔχῃ,
908 3078 994 3158 quod
1015 3082 1111 3160 putat
1131 3079 1312 3160 significare

190 3203 292 3263 posse,
318 3204 381 3262 qua
403 3182 441 3246 de
462 3204 496 3246 re
517 3180 665 3262 equidem
684 3181 776 3245 19109
797 3181 920 3268 dubito,
946 3186 986 3248 te
1013 3184 1209 3250 infamiae
1237 3208 1312 3250 ser·

190 3287 276 3352 1119
303 3288 370 3352 9119
397 3288 571 3353 studere.
609 3287 681 3366 Sed,
708 3292 782 3352 utut
808 3288 871 3353 hoc
897 3294 955 3370 est,
982 3292 1085 3355 multo
1112 3291 1234 3356 leniore
1261 3314 1311 3356 re·

189 3395 294 3459 medio
325 3395 504 3460 sententiae
535 3395 688 3477 opitulari
721 3417 900 3476 possumne,
935 3397 961 3460 si
994 3398 1116 3462 intacta
1149 3402 1311 3462 9911911199

188 3500 285 3568 verba
306 3501 336 3558 οἵ
347 3537 387 3544 -
402 3505 486 3578 ἄγεις
505 3501 539 3567 in
560 3501 834 3583 Chrysothemidis
853 3525 1008 3586 responso
1029 3526 1092 3568 una
1112 3509 1236 3569 mutata
1256 3504 1312 3568 lit·

187 3612 258 3673 tera
277 3607 479 3690 reponimus:
986 3609 989 3614 '

430 3720 551 3793 ατιριὶας
571 3719 626 3794 μέν
648 3715 690 3783 οὔ,
711 3711 881 3794 προμηθίας
902 3720 941 3775 δέ
962 3737 1038 3776 που.

188 3819 207 3884 i.
230 3841 256 3884 9.
284 3824 310 3878 δ’
338 3825 416 3886 reos.
444 3819 547 3896 Quam
568 3826 675 3886 autem
696 3822 875 3886 necessaria
895 3822 938 3886 sit
957 3823 1077 3886 tradita
1097 3822 1256 3904 scriptura
1276 3823 1310 3885 in

187 3927 293 3992 verbis
313 3927 474 4008 Electrae,
490 3929 648 4012 imprimis
666 3932 802 4013 apparet
819 3951 858 3993 ex
877 3929 1018 3995 eiusdem
1037 3929 1224 4010 quaestione
1235 3927 1310 3993 sub-

188 4033 351 4114 sequenti:

389 4149 429 4214 τῷ
452 4141 494 4215 σῷ
516 4144 619 4218 δικαὶῳ
641 4142 706 4218 δῆτ’
729 4143 957 4200 ἐπισπέσθαι
978 4162 1017 4218 με
1037 4143 1096 4210 δέη
