3166 5002
834 553 874 616 64

476 745 534 822 δίνῃ
556 749 746 802 παλαῖσαι
768 744 873 800 δεινα
896 747 959 798 καὶ
982 744 1116 818 δεινῶν
1138 746 1238 819 ιιέρα.

292 849 356 914 Sed
384 854 515 929 πατάξαι
541 851 611 916 fieri
638 855 747 933 potest
775 855 811 913 ut
837 871 949 913 sanum
978 849 1021 912 sit
1049 853 1082 913 et
1109 848 1279 913 videndum
1309 869 1414 912 annon

294 956 434 1021 sufficiat
454 957 608 1022 seribere:

474 1068 532 1143 α’τρ
554 1067 686 1142 πατάξαι
707 1066 794 1129 τοὺς
816 1065 929 1142 ἐμοὺς
950 1067 1050 1121 δεινῶν
1071 1067 1153 1141 κέρα.

294 1169 619 1235 Sedobnitendo
641 1192 750 1234 meos
772 1170 1034 1252 pessumdare
1055 1169 1179 1251 longe
1200 1167 1319 1250 peius
1341 1170 1414 1230 est.

293 1279 360 1361 Agi
386 1277 469 1342 enim
492 1277 530 1341 de
550 1300 680 1342 suorum
701 1277 842 1359 pernicie
863 1277 942 1341 satis
964 1275 1066 1342 Creon
1087 1274 1299 1359 intellegebat
1321 1296 1338 1339 e
1360 1272 1414 1338 Ti·

294 1387 396 1452 resiae
416 1387 523 1452 verbis
546 1387 624 1452 1066
646 1409 693 1468 sq.
1033 1481 1036 1486 ἱ

474 1500 505 1554 έν
527 1495 581 1553 οἶσι
603 1503 663 1553 τῶν
685 1502 744 1553 σῶν
766 1495 855 1559 αὐτὸς
876 1497 909 1551 έκ
930 1497 1121 1569 σπλάγχνων
1142 1493 1194 1548 ἕνα

476 1607 562 1659 νέκυν
584 1610 692 1680 νεκρῶν
713 1605 838 1679 αριοιβὸν
858 1601 994 1665 ἀντιδοὺς
1016 1601 1083 1658 ἔσει.

295 1715 327 1774 et
348 1732 386 1774 ex
407 1709 446 1773 iis
470 1713 551 1790 quae
572 1708 655 1773 idem
679 1709 803 1773 dixerat
826 1731 853 1772 v.
878 1707 954 1772 1078
973 1729 1020 1787 sq.

475 1817 571 1898 φανεῖ
587 1822 644 1895 γαρ
666 1817 698 1874 οὐ
719 1821 834 1894 μακροῦ
853 1819 961 1895 χρόνον
982 1817 1068 1893 τριβῇ

475 1927 588 2004 ανδρων
609 1931 759 2000 γυναικῶν
780 1930 841 1988 σοις
862 1925 961 2002 δόμοις
982 1923 1157 1998 κωκύματα.

295 2031 357 2107 Qui
388 2035 527 2112 quatuor
558 2031 769 2096 subsecuntur
800 2051 861 2093 vas.
891 2027 1098 2104 loeo-1083,
1127 2027 1155 2090 si
1184 2025 1315 2108 genuini
1342 2025 1415 2100 sint,

294 2138 549 2220 transponendos
577 2160 645 2202 esse
673 2138 712 2201 ad
740 2137 879 2218 priorem
908 2135 1051 2200 Tiresiae
1080 2135 1255 2200 orationem
1282 2138 1356 2215 post
1387 2157 1415 2197 v.

295 2245 373 2309 1022
394 2244 505 2310 monui
527 2243 773 2326 Verslagen,
795 2265 870 2325 pag.
891 2243 920 2307 9.
1015 2271 1017 2276 ·

294 2460 406 2542 Antig.
427 2460 506 2525 1098
526 2462 684 2530 εὐβουλέας
704 2461 756 2527 δεῖ,
778 2463 829 2516 οιαὶ
852 2460 1021 2523 Μενοικέως
1042 2461 1164 2537 Κρέον.

333 2564 454 2630 lniuria
476 2589 524 2630 me
544 2566 647 2630 iudice
668 2588 728 2647 pro
750 2573 863 2635 λακειν,
886 2565 972 2646 quod
994 2586 1102 2629 errore
1123 2563 1297 2645 repetitum
1318 2563 1415 2628 efine

295 2693 322 2743 v,
350 2673 439 2750 1095,
469 2694 505 2736 ex
533 2671 724 2754 apographo
753 2677 882 2754 recepta
904 2676 952 2736 est
973 2671 1068 2736 lectio
1089 2674 1188 2750 Κρέον,
1209 2669 1415 2735 manifestum

295 2777 464 2860 glossema,
493 2779 569 2858 quia
597 2778 709 2842 Graeci
736 2774 884 2858 πατρόθεν
912 2779 1051 2860 aliquem
1083 2777 1284 2858 alloquentes
1313 2777 1415 2861 ipsius

293 2905 411 2947 nomen
439 2884 507 2948 sine
534 2906 629 2948 eausa
651 2885 766 2950 addere
787 2909 851 2950 nou
874 2890 1116 2963 consueverunt,
1137 2890 1169 2950 et
1191 2884 1315 2967 optimo
1336 2885 1414 2958 iure,

294 2990 407 3068 sicubi,
436 2996 471 3054 ut
500 2991 561 3056 hoo
588 2996 671 3071 utar,
701 2994 785 3074 apud
813 2991 982 3058 Platonem
1009 2993 1128 3075 legitur
1155 2994 1176 3050 a
1208 3000 1265 3050 ιιαι
1287 2990 1414 3071 Σωφρο-

294 3101 394 3155 νίσκον
421 3100 579 3177 Σώκρατες
606 3098 654 3163 vel
683 3101 704 3156 ὦ
733 3107 789 3158 και
814 3102 949 3159 Κλεινίου
972 3101 1165 3177 Ἀλκιβιάδη,
1185 3097 1415 3182 interpretibus

295 3204 443 3269 meliores
472 3205 575 3269 eritioi
601 3205 732 3270 reddere
756 3204 863 3270 solent
882 3210 1040 3286 Σώκρατες
1060 3209 1092 3271 et
1115 3208 1306 3284 Ἀλκιβιάδη.
1328 3204 1416 3270 Defi-

295 3311 432 3376 cientem
459 3313 573 3393 pedem
602 3316 689 3376 certa
715 3313 936 3377 emendatione
963 3334 1057 3378 nemo
1085 3312 1243 3392 restituet,
1264 3312 1320 3377 sed
1340 3315 1415 3394 apte

294 3417 397 3482 eoniei
419 3421 543 3498 potest:

455 3528 613 3596 εὐβουλέας
633 3527 680 3583 δεῖ
697 3530 759 3594 <’ν
781 3529 960 3597 τοισδε>,
982 3533 1039 3584 καῖ
1056 3529 1234 3593 Μενοικέως.

296 3631 404 3697 Possis
428 3632 526 3697 etiam
546 3632 685 3696 inserere
706 3638 814 3702 ταῦτα,
838 3634 885 3698 vel
907 3633 939 3696 in
959 3634 1023 3698 fine
1044 3633 1160 3698 senarii
1182 3637 1264 3692 τάδε.

294 3740 340 3803 At
369 3739 486 3804 dixerit
507 3739 678 3821 quispiam,
698 3741 731 3804 in
752 3739 824 3822 ipsa
843 3740 1010 3821 Antigona
1031 3762 1128 3823 supra
1148 3763 1178 3804 v.
1199 3741 1257 3804 211
1279 3739 1414 3805 totidem

294 3845 400 3910 verbis
421 3846 577 3927 seriptum
599 3851 706 3911 exstat

455 3957 499 4011 rol
521 3955 607 4011 ταῦτ’
628 3959 754 4032 αρέσκει,
776 3961 832 4011 καῖ
850 3955 1018 4018 Μενοικέως
1039 3957 1169 4033 Κρέον,

454 4064 504 4117 τὸν
525 4063 597 4138 τῇδε
618 4063 743 4118 δύσνουν
764 4065 814 4118 καὶ
835 4065 886 4118 τὸν
906 4063 1015 4138 εὐμενῆ
1036 4063 1128 4120 πόλει.

295 4163 486 4246 Respondeo
523 4165 628 4248 ipsum
667 4189 795 4231 versum
826 4171 1012 4249 sequentem
1042 4171 1235 4250 argumento
1267 4189 1337 4233 esse
1368 4167 1415 4232 ibi
