3166 5002
741 563 781 626 45

500 750 554 804 τιν’
577 750 643 824 εἶχε
664 748 802 828 φράζε,
824 755 909 807 τινα
932 753 958 809 δ’
980 755 1081 829 ἀκμὴν
1103 753 1180 829 ἥβης
1201 753 1291 828 ἔχων.

415 851 478 917 loc.
499 860 605 931 μέγας,
628 858 765 933 χνοάζων
787 858 853 934 ἄρτι
875 859 1035 923 λευκανθὲς
1055 863 1141 937 napa,

501 958 623 1040 μορφῆς
644 963 675 1018 δὲ
698 968 752 1039 τῆς
773 969 828 1039 τῆς
849 964 901 1020 οὐκ
922 968 1084 1022 ἀπεστάτει
1106 967 1191 1022 τολύ.

240 1063 289 1128 De
307 1066 450 1148 corrupti
467 1065 531 1130 loci
547 1066 706 1132 sententia
722 1068 811 1132 nulla
828 1072 936 1149 potest
953 1089 1022 1134 essa
1037 1069 1208 1135 dubitatio.
1219 1069 1321 1145 Quae-

200 1169 244 1234 rit
261 1168 411 1252 Oedipus
423 1193 485 1252 qua
496 1171 593 1236 fuerit
603 1172 699 1238 Laius
709 1177 779 1238 tum
791 1196 862 1238 curn
874 1174 997 1239 occisus
1008 1175 1051 1238 sit
1062 1175 1205 1257 corporis
1216 1175 1322 1257 specie

200 1297 329 1357 quaque
346 1281 462 1355 aetate,
480 1282 512 1342 et
530 1267 571 1344 ad
586 1284 758 1361 utramque
775 1279 996 1361 quaestionem
1006 1281 1180 1363 respondet
1192 1280 1221 1345 ei
1231 1303 1321 1345 uxor.

240 1383 462 1466 Syntacticum
484 1384 518 1449 in
546 1386 659 1468 primis
687 1386 831 1451 versibus
858 1386 972 1451 vitium
1004 1386 1066 1452 viri
1096 1386 1183 1451 docti
1211 1409 1323 1452 curare

200 1492 308 1557 conati
335 1495 409 1556 sunt
437 1492 627 1558 coniecturis
656 1495 759 1571 ἔτυχε,
786 1494 864 1573 εἷρπε
891 1493 942 1557 val
969 1493 1039 1570 ἦλθε
1060 1515 1119 1574 pro
1139 1494 1215 1570 εἶχε,
1236 1492 1322 1572 quod

200 1619 251 1662 ma
282 1599 385 1662 iudice
416 1599 619 1664 sanissimum
651 1604 708 1675 est,
738 1601 794 1664 sed
825 1600 992 1682 depravati
1023 1604 1151 1663 tantum
1183 1599 1322 1681 speciem

199 1705 299 1770 habet
326 1706 367 1770 ob
396 1706 508 1770 vitium
535 1707 570 1772 in
599 1708 807 1788 sequentibus
837 1707 941 1772 verbis
969 1714 1035 1765 τινα
1062 1743 1103 1752 -
1122 1708 1213 1784 ἔχων,
1240 1729 1323 1788 quae

200 1814 396 1895 perabsurda
418 1814 496 1878 mihi
513 1815 659 1896 quaestio
678 1815 813 1894 videtur,
831 1818 1005 1897 propterea
1023 1814 1109 1895 quod
1128 1815 1205 1892 ἥβης
1225 1819 1321 1892 ἀκμὴ

199 1941 263 1982 una
285 1924 342 1997 est,
363 1941 468 2000 nequa
488 1920 591 2003 igitur
608 1921 718 2002 rogari
739 1924 849 2003 potest
870 1941 1041 2001 quamnam
1058 1919 1176 2000 aliquis
1194 1919 1322 1984 habeat.

200 2024 328 2105 Exigua
349 2048 433 2103 vero,
454 2026 517 2090 nisi
537 2026 642 2105 fallor,
662 2027 841 2092 mutatione
860 2048 969 2091 versus
988 2026 1035 2090 ita
1055 2026 1184 2091 restitui
1204 2029 1322 2108 potest,

200 2134 325 2196 uttam
346 2133 491 2213 syntaxis
511 2155 608 2213 quarn
629 2133 790 2199 sententia
811 2137 946 2198 constet.
966 2131 1093 2214 Nempe
1104 2132 1321 2197 cubandum:

806 2245 857 2299 τὸν
878 2243 909 2298 δὲ
931 2243 1025 2300 Λάιον
1048 2239 1142 2321 φύσιν

403 2348 458 2404 τιν’
479 2348 545 2423 εἶχε
566 2345 692 2427 φράζ’·
714 2348 768 2405 ἔτ’
792 2348 834 2424 ἦν
854 2351 955 2425 ἀκμήν
977 2349 1054 2424 ἥβης
1074 2347 1172 2423 ἔχωνς

241 2450 404 2517 Facillime
447 2457 553 2518 autem
594 2455 975 2525 ΦΡΑΖΕΤΗΝΑΚΜΗΝ
1016 2452 1105 2517 abire
1146 2454 1253 2534 potuit
1288 2453 1321 2517 in

202 2561 638 2629 ΦΡΑΖΕΤΙΝΑΔΑΚΜΗΝ,
658 2559 849 2641 praesertim
874 2579 1061 2642 praegresso
1091 2561 1205 2618 TINA.
1232 2559 1323 2625 Ioca-

202 2670 270 2730 stae
292 2669 400 2730 autern
420 2689 607 2751 responsum
623 2670 710 2732 recte
727 2665 902 2731 correxisse
916 2665 996 2730 mihi
1006 2665 1133 2730 videtur
1143 2666 1323 2731 Meinekius

201 2772 385 2838 scribendo:

402 2885 448 2957 μέ
454 2886 524 2939 λιιν
544 2882 681 2956 χνοάζων
702 2883 768 2958 νίρτι
789 2873 957 2944 λευκανθὲς
978 2884 1063 2958 κάρα·
1085 2883 1145 2938 κτέ.

202 3198 278 3264 Oed.
299 3199 380 3280 Reg.
402 3201 461 3265 750
482 3205 601 3280 τότερον
622 3205 727 3280 ἐχώρει
747 3204 832 3270 βιιιὸς
852 3200 869 3278 ἢ
893 3202 1022 3265 πολλοὺς
1041 3201 1123 3277 ἔχων
1243 3246 1245 3250 .

483 3312 591 3388 ἄνδρας
611 3315 750 3385 λοχιτιις,
773 3307 812 3367 οἷ’
834 3311 907 3387 ἀνὴρ
929 3314 1120 3387 ἀρχηγέτης

241 3413 407 3480 Nauckius
438 3420 544 3494 ἐχώρει
574 3422 681 3493 μοῦνος
709 3418 741 3479 et
769 3413 965 3478 Schmidtius
994 3416 1124 3494 ἑχώρησ’
1152 3415 1208 3478 οἶος
1234 3412 1322 3478 coni-

202 3520 320 3586 cientes
347 3526 384 3586 ut
411 3521 473 3586 loci
501 3504 686 3586 sententiae¹
701 3521 781 3584 benc
803 3521 1023 3586 consuluerint
1043 3520 1179 3585 multum
1202 3543 1322 3585 vereor.

201 3624 285 3690 Narn
313 3627 424 3709 inepta
443 3626 527 3692 foret
550 3650 599 3691 me
619 3626 724 3691 iudice
744 3627 822 3692 haec
843 3624 957 3708 Oedipi
980 3626 1135 3707 quaestio,
1156 3649 1198 3690 an
1217 3625 1322 3704 Laius,

202 3752 295 3811 quern
323 3731 511 3816 praesertim
539 3755 647 3814 regem
675 3754 744 3796 csse
771 3735 915 3810 noverat,
943 3733 1056 3796 solus
1084 3731 1227 3813 Delphos
1247 3753 1322 3815 pro·

201 3837 303 3904 iectus
331 3842 423 3902 esset.
452 3838 582 3920 Rogare
608 3843 736 3904 tanturn
765 3840 874 3920 potuit
900 3839 1034 3923 paucine
1059 3861 1100 3903 an
1131 3838 1225 3903 multi
1251 3859 1322 3902 eum

202 3944 348 4009 comitati
376 3948 481 4008 essent
500 3944 667 4010 satellites.
689 3944 759 4010 Nec
779 3968 853 4010 vero
875 3945 914 4009 ad
937 3949 1075 4012 πολλοὺς,
1095 3944 1149 4008 sed
1169 3944 1208 4007 ad
1229 3947 1323 4014 βαιός,

201 4051 334 4134 respicit
361 4050 504 4116 locastae
531 4052 696 4135 responsio
722 4053 803 4110 πέντ’
831 4052 908 4128 ἦσαν
936 4056 961 4109 ιι
981 4054 1161 4129 ξύμπαντες,
1182 4049 1238 4132 qui
1257 4072 1323 4115 non

201 4156 307 4222 hercle
329 4179 464 4238 magnus
486 4161 535 4222 est
555 4158 625 4238 regi
647 4157 800 4222 comitum
820 4177 980 4222 numerus.
1002 4154 1113 4221 Donec
1133 4156 1234 4237 igitur
1257 4179 1322 4222 rne-
