3166 5002
794 499 834 568 24

256 691 465 773 depravatum
496 710 564 754 esse
594 710 611 752 e
638 690 749 755 ΠΑΙΣ,
777 689 810 751 et
836 689 912 767 post
939 684 1098 766 syllabam
1125 687 1193 742 ΘΕΙ
1221 683 1375 750 excidisse

166 839 168 844 -
256 785 319 867 ὗΤ,
339 798 359 862 i.
382 820 408 862 e.
429 791 510 866 θεοῦ,
531 796 641 876 itaque
661 797 777 876 poetae
798 814 928 856 menum
948 790 1063 856 fuisse:

697 903 733 958 ἵν’
754 905 767 958 ὀ
788 905 966 976 χάλκασπις
985 903 1058 978 ανὴρ
1079 892 1160 962 θεοῖς

456 1011 559 1068 πλάθει
581 1004 743 1078 <3εοῠ>
770 1014 872 1075 παῖς,
895 1010 956 1064 κπέ.

219 1233 220 1237 1
255 1196 393 1262 Philoct.
415 1196 473 1261 755
495 1199 587 1254 δεινόν
608 1217 644 1271 γε
666 1197 917 1272 ποὺπίοαγμα
940 1198 993 1251 ποῦ
1012 1196 1187 1270 νοσήματος.

294 1304 410 1387 Neque
437 1310 601 1383 ε’πνσαγμα,
629 1324 733 1383 neque
762 1300 846 1382 quod
874 1321 934 1382 pro
963 1321 1000 1364 eo
1027 1297 1195 1362 substituit
1216 1295 1375 1379 Bergkius

254 1419 408 1492 έπίοογμα,
428 1416 514 1477 reete
533 1409 680 1491 intellegi
700 1429 795 1490 posse
817 1406 984 1472 contendo.
1005 1405 1220 1491 Expectetur:

455 1522 548 1577 δεινόν
568 1523 605 1593 γέ
625 1537 682 1575 ποι
705 1518 743 1573 πὸ
765 1523 923 1594 πράγμα
946 1519 999 1572 ποῦ
1019 1518 1194 1592 νοσήματος.

254 1627 306 1692 vel
326 1631 419 1685 δεινόν
440 1631 477 1702 γέ
497 1645 553 1684 ποι
574 1627 612 1682 τὸ
635 1629 740 1701 πῆμα
762 1627 823 1681 κπέ.

254 1736 291 1798 ut
312 1753 385 1796 mox
408 1731 553 1812 sequitur
1005 1729 1057 1793 ἕως
1078 1731 1136 1806 ανῆ

453 1840 485 1895 πὸ
508 1844 598 1923 πῆμα
615 1842 700 1894 τοῦτο
723 1843 778 1914 πῆς
799 1840 894 1895 νάσου.
1028 1913 1029 1918 ¹

254 1949 386 2027 Πραρμα
415 1949 447 2009 et
474 1944 576 2008 multo
598 1943 726 2024 saepius
750 1950 857 2021 χρῆμα
877 1940 1111 2024 periphrastioe
1132 1962 1204 2005 oum
1225 1938 1374 2023 genetivo

251 2051 343 2133 iungi
363 2052 465 2116 solere
486 2073 526 2114 ne
546 2051 639 2131 pueri
659 2049 786 2130 quidem
808 2049 970 2139 ignorant.

255 2238 393 2305 Philoet.
415 2238 473 2304 867
495 2242 516 2297 ὦ
539 2237 656 2320 φέγγος
678 2238 768 2296 ὕπνου
790 2240 932 2315 διάδοχον
954 2243 986 2295 πό
1008 2243 1035 2295 τ’
1057 2239 1184 2295 έλπὶδων

441 2330 444 2338 “
494 2350 656 2404 άποοπον
679 2347 889 2424 οἱκούρημα
911 2348 1002 2403 τῶνδε
1024 2352 1082 2402 τῶν
1105 2348 1204 2421 ξένων.

249 2473 252 2477 ·
293 2452 367 2518 lure
385 2453 512 2517 criticos
530 2452 664 2517 offendit
681 2452 763 2516 mira
781 2451 900 2518 locutio
918 2454 1045 2510 ἐλπίδων
1063 2453 1197 2520 ἄπιστον,
1213 2450 1298 2531 quod
1309 2472 1374 2516 non

253 2560 316 2624 nisi
327 2559 532 2624 artificiosam
544 2558 686 2623 admittit
695 2556 1184 2640 interpretationem.lngeniose
1194 2558 1375 2622 coniectum

253 2668 345 2732 video
364 2668 467 2745 γέγηθ’
487 2669 554 2723 ἰδὼν
574 2666 577 2745 Ι
596 2668 725 2723 άελπτον
742 2658 934 2743 έπνκούρνμα.
952 2662 1044 2740 Mihi,
1064 2664 1139 2744 quie
1152 2647 1375 2729 ¹custodiae

253 2774 344 2838 notio
365 2772 418 2837 hie
439 2772 547 2854 aptior
567 2772 692 2836 videtur
711 2793 810 2852 quam
832 2770 997 2849 auxilii,
1019 2771 1160 2834 venitin
1181 2772 1337 2835 mentem:

454 2874 476 2936 ¹dr
499 2877 625 2959 Φέγγος
638 2878 728 2936 ὕπνου
750 2881 902 2956 διάδοχον,
924 2882 1005 2936 πόδ’
1027 2880 1154 2937 ε’λπίδων
1229 2942 1231 2946 ,

454 2989 612 3063 άμεονον
634 2986 677 3064 ἦν
699 2982 901 3065 φρούρημα
923 2988 1015 3043 τῶνδε
1037 2993 1096 3042 τῶν
1117 2987 1216 3062 ξένων.

293 3091 474 3174 Aeschylus
495 3093 610 3174 Agam.
633 3092 692 3156 266
715 3097 823 3172 χάρμα
845 3094 943 3170 μεῖζον
964 3094 1091 3157 ἐλπίδος.

253 3280 391 3345 Philoct.
414 3281 469 3344 92]
496 3287 544 3338 καὶ
566 3287 651 3340 ταῦτ’
674 3275 805 3358 άλνθῆ
827 3284 898 3359 δροῖν
919 3289 1007 3351 voster

291 3385 482 3452 incredibile
514 3391 562 3451 est
584 3373 633 3451 'ad
662 3386 748 3451 hune
778 3409 878 3468 usque
907 3387 991 3451 diem
1011 3388 1172 3469 patienter
1193 3387 1321 3456 uritieos
1342 3397 1374 3454 et

253 3493 392 3557 editores
419 3494 504 3574 quod
533 3493 632 3558 seiam
659 3515 767 3558 omnes
796 3493 908 3559 tulisse
935 3476 1041 3574 άλορθῆ
1061 3495 1183 3560 dietum
1203 3517 1262 3577 pro
1284 3502 1373 3575 άλη-

253 3595 344 3666 θῶς.
369 3600 435 3665 sive
457 3604 555 3667 ὅντως.
578 3600 656 3676 Quis
677 3600 790 3665 Lat-ine
811 3601 874 3666 diei
894 3600 1048 3666 toleraret
1071 3624 1165 3678 „num
1185 3625 1279 3667 vera
1300 3605 1373 3684 (pro

252 3729 293 3771 re
313 3712 420 3784 vera)
438 3706 517 3772 haee
534 3707 639 3772 faeere
654 3707 821 3788 cogitas?”
833 3707 995 3773 Aduerbio
1006 3712 1075 3772 tam
1084 3708 1266 3791 Aeschylus
1277 3731 1372 3791 quem

252 3812 427 3894 Euripides
458 3813 508 3878 usi
539 3818 623 3891 sunt,
654 3814 742 3895 quod
773 3813 938 3895 hucusque
969 3815 1054 3896 apud
1084 3813 1278 3896 Sophoclem
1307 3837 1373 3880 non

252 3920 379 4002 legitur,
400 3920 433 3984 id
455 3921 542 3986 casui
562 3921 704 3985 tribuere
724 3942 790 3985 non
811 3919 933 3986 dubito.
954 3919 999 3986 Ol.
1020 3920 1139 3986 Muem.
1160 3921 1230 4002 Vn,
1252 3945 1283 4004 p.
1305 3923 1373 3988 279.

253 4104 390 4172 Philoct.
414 4109 490 4174 1001
698 4061 701 4066 Ι
794 4115 877 4187 κράπ’
898 4113 968 4188 ἐμὸν
989 4112 1050 4168 πόδ’
1072 4112 1190 4180 αὐτίκα,
