3166 5002
762 508 801 572 27

220 695 242 759 i.
264 717 290 760 e.
319 716 487 760 cernens
514 700 656 777 turpes
684 694 770 760 eius
797 694 979 774 fraudes,
1005 698 1043 758 et
1065 694 1250 759 odiosum
1270 691 1342 756 ini-

222 801 365 864 micum
392 798 568 864 infinita
595 801 635 864 in
662 800 766 865 alios
791 800 1040 888 excitantem
1064 799 1181 878 mala,
1203 798 1342 879 qualia

220 908 260 971 in
288 929 345 972 me
371 906 631 972 machinatus
659 911 735 982 est,
765 929 783 972 o
811 906 987 989 Iupiter!
1016 907 1066 970 Ad
1095 905 1340 971 collocationem

220 1014 398 1097 particulae
419 1018 475 1093 μὲν
495 1014 558 1078 iarn
579 1012 763 1079 Wunderus
785 1015 895 1079 attulit
918 1037 944 1078 v.
966 1015 1025 1079 279
1043 1037 1123 1096 sqq„
1142 1018 1174 1078 et
1185 1012 1340 1078 eiusmodi

220 1121 398 1185 anomaliae
429 1142 523 1202 saepe
553 1120 705 1202 leguntur
736 1121 820 1202 apud
850 1120 1022 1203 scriptores
1050 1121 1147 1185 etiam
1167 1120 1341 1202 pedestres.

221 1227 362 1293 Subinde
383 1230 491 1291 autem
512 1227 632 1308 corripi
653 1227 890 1309 diphthongum
912 1227 944 1290 in
967 1228 1023 1292 σίος
1044 1226 1144 1308 (quod
1164 1226 1212 1290 ita
1232 1225 1340 1308 potius

221 1339 277 1402 olor
292 1334 494 1399 scribendum
513 1334 587 1414 erit)
606 1337 638 1399 et
657 1333 802 1416 cognatis
814 1334 976 1399 vocabulis
987 1333 1020 1398 in
1032 1334 1146 1415 volgus
1157 1337 1270 1398 notum
1282 1337 1339 1398 est.

220 1602 359 1668 Philoot.
381 1603 459 1670 1140
480 1607 583 1682 culpor
603 1624 646 1661 τοι
669 1607 700 1661 τὸ
722 1608 790 1682 μὲν
811 1603 848 1661 εὗ
870 1607 982 1662 δίκαιον
1003 1609 1103 1673 είτεῖν,

478 1716 608 1777 είτόντος
629 1715 660 1770 δὲ
682 1716 723 1790 μὴ
747 1706 899 1790 Φθονερνίν

480 1821 587 1895 ἐξῶσαι
608 1823 751 1894 γλώσσας
773 1821 888 1876 obtusa

259 1923 417 1988 Dindorfii
438 1924 668 1988 correctionem
688 1925 787 2005 vulgo
808 1929 971 2005 receptam
998 1930 1065 2004 μὲν
1091 1930 1126 1984 ἓν
1153 1927 1221 1990 sine
1237 1926 1341 2007 ipsius

219 2032 450 2098 commentario
467 2053 562 2096 nemo
580 2031 756 2112 intelleget,
772 2031 831 2096 illo
849 2031 950 2095 adiuti
968 2055 1079 2097 vereor
1094 2037 1131 2096 ut
1142 2032 1237 2096 multi
1249 2055 1342 2114 pror·
1393 2101 1394 2106 γ

219 2161 272 2202 sus
293 2137 494 2220 intellegant.
510 2137 580 2203 Nec
597 2138 691 2203 hodie
709 2138 788 2202 mihi
799 2139 1071 2220 planesatisfacit,
1083 2140 1168 2220 quod
1179 2139 1339 2219 quondam

218 2246 374 2328 proposui
391 2249 423 2304 rt
445 2252 510 2324 μέν
532 2251 563 2304 01
584 2249 769 2331 δοκῆσαν,
787 2245 841 2310 sed
858 2245 993 2311 similem
1014 2245 1206 2310 sententiam
1224 2246 1341 2310 clarius

217 2355 347 2433 poetam
369 2353 567 2434 significasse
587 2357 667 2434 puto
689 2352 873 2417 scribendo:

408 2499 410 2504 .
440 2464 542 2540 νίνδρίς
563 2481 606 2521 τοι
627 2463 660 2518 τὸ
682 2466 787 2539 νέμει
809 2463 921 2518 δίκαιον
942 2466 1032 2518 είτεῖν
1053 2466 1114 2519 art.

257 2567 370 2645 Νέμειν
390 2587 450 2647 pro
472 2570 598 2645 νομίζειν
620 2565 773 2647 Sophocli
795 2571 843 2631 est
864 2566 898 2630 in
920 2567 1051 2646 deliciis,
1074 2571 1110 2630 ut
1131 2567 1246 2633 docent
1267 2568 1340 2649 plu·

217 2671 299 2736 rima
320 2673 465 2754 exempla
485 2673 519 2737 in
541 2672 700 2737 Dindorfii
720 2673 826 2739 lexico
848 2673 1029 2755 Sophocleo
1051 2696 1125 2756 pag.
1145 2675 1205 2738 310
1214 2696 1242 2738 u.

217 2940 356 3006 Philoct.
380 2942 457 3006 1218
478 2947 536 3018 ἐγὼ
559 2947 614 3020 μὲν
637 2946 692 3022 ἤδη
716 2949 766 3001 aul
789 2949 883 3002 τάλαι
905 2949 975 3010 νεὼς
996 2949 1069 3022 ίμοῡ

478 3055 648 3126 στείχων
670 3051 705 3108 σίν
727 3052 744 3128 ἦ
768 3071 812 3108 σοι
833 3058 887 3128 τῆς
907 3055 991 3129 ἐμῆς,
1012 3056 1037 3108 εί
1056 3054 1097 3130 μὴ
1121 3056 1214 3115 τίλας

479 3158 628 3215 Ὀδυσσέα
650 3161 863 3233 στείχοντα
885 3162 935 3214 τόν
956 3163 983 3215 τ’
1006 3159 1180 3233 Ἀχιλλέως

477 3260 563 3339 γόνον
584 3267 653 3342 τρίς
674 3268 754 3342 ἡμεῖς
775 3266 850 3343 δεῦρ’
872 3269 941 3321 ἰόντ’
963 3266 1150 3341 ἐλεύσσομεν.

204 3359 205 3364 “
256 3367 371 3451 Neque
398 3363 472 3449 ίμοῦ
495 3368 649 3435 Genetivo
672 3370 876 3435 coniunctum
897 3369 975 3434 ferri
994 3374 1112 3452 potest,
1133 3375 1338 3450 nequeumt-

189 3499 190 3504 *
215 3498 282 3554 χων
303 3513 342 3521 -
363 3483 526 3554 στείχοντα
547 3478 592 3542 sic
614 3476 764 3559 copulare
784 3477 893 3560 potuit
910 3477 1012 3541 bonus
1030 3480 1135 3558 poeta.
1153 3476 1242 3558 Ergo
1262 3475 1339 3557 quin

216 3590 347 3661 στείχων
375 3585 563 3648 mendosum
591 3584 634 3648 sit
661 3583 791 3648 dubium
819 3605 883 3648 nou
906 3587 963 3649 est.
985 3583 1072 3648 Num
1093 3567 1189 3665 putas
1211 3583 1339 3666 Sopho·

217 3691 298 3756 clem
318 3714 376 3773 per
397 3692 603 3774 periphrasin
624 3713 684 3774 pro
706 3697 753 3770 ννὶ
776 3697 856 3771 ὁμοῦ,
876 3693 961 3773 quod
980 3696 1082 3758 metro
1101 3692 1337 3769 excludebatur,

215 3798 397 3881 scripsisse:

854 3913 944 3974 νεὼς
966 3914 1039 3987 ίμοῦ

456 4020 609 4091 τοίχοιν
631 4012 716 4074 art?

254 4115 288 4184 Si
310 4119 424 4199 minus,
447 4119 535 4184 aliud
556 4125 592 4185 tu
614 4141 741 4202 quaere.
763 4119 809 4184 cf.
833 4143 859 4184 v.
882 4120 968 4184 1180.
