3166 5002
830 556 868 620 16

289 746 404 812 Trach.
425 748 485 811 934
506 749 552 821 ὄψ’
574 741 769 823 ἐκδιδαχθεὶς
789 751 847 803 τῶν
868 746 935 802 κατ’
957 745 1034 802 οἷκον
1055 742 1160 800 οὕνεκα
1277 789 1282 798 ,

505 857 650 912 ἄκουσα
673 857 741 932 πρὸς
762 858 814 911 τοῦ
833 845 924 931 θηρὸς
944 850 1050 930 ἔρξειεν
1070 852 1150 908 τάδε.

327 959 364 1024 In
385 958 617 1041 Verslagen
640 961 658 1023 l.
681 960 701 1024 l.
723 982 798 1041 pag.
820 961 859 1023 29
882 982 898 1024 e
919 956 1118 1022 Scholiastae
1140 953 1408 1036 interpretatione

289 1065 467 1131 efficiebam
484 1065 677 1148 Sophoclem
696 1067 860 1148 scripsisse
878 1073 1077 1134 κλαπεῐσα,
1095 1065 1116 1129 i.
1128 1087 1154 1128 e.
1172 1059 1407 1143 ἐξαπατηθεῖσα.

288 1172 404 1238 Lenius
433 1173 572 1255 quidem,
601 1174 655 1238 sed
683 1173 794 1236 dubito
816 1194 893 1235 num
913 1173 1035 1250 melius,
1057 1171 1170 1236 deinde
1192 1170 1407 1235 Heimrichius

288 1282 429 1346 indidem
469 1281 606 1346 coniecit
644 1286 769 1350 ἁλοῦσα,
806 1281 892 1361 quod
930 1280 1010 1343 milri
1045 1279 1173 1359 quidem
1202 1300 1267 1352 non
1298 1277 1408 1341 addito
1459 1291 1485 1310 ’“

290 1393 391 1466 ἀπάτῃ
420 1387 470 1451 vel
497 1390 572 1463 δόλῳ
594 1410 660 1452 non
681 1387 759 1451 setis
780 1387 863 1450 clere
885 1387 1005 1450 dictum
1026 1386 1160 1464 videtur,
1181 1407 1239 1448 nec
1260 1383 1408 1447 dissenti-

290 1498 394 1558 entem
423 1494 528 1558 hebeo
556 1493 779 1572 Schmidlium‚
807 1493 863 1573 qui
889 1493 959 1574 ipse
979 1515 1053 1574 pag.
1074 1494 1133 1556 228
1155 1472 1306 1551 uicies
1329 1498 1407 1549 ανο-

289 1607 371 1659 cloo
392 1597 484 1680 θηρὸς
504 1601 683 1684 proposuit,
705 1601 790 1680 quod
810 1623 914 1680 neque
934 1623 952 1663 e
970 1598 1154 1664 Scholiasta
1172 1600 1289 1662 lectum
1310 1601 1359 1662 est
1377 1603 1408 1660 et

289 1712 409 1771 temere
437 1707 592 1771 sollicitet
619 1707 717 1770 verba
744 1729 821 1770 sana
850 1710 918 1785 πρὸς
945 1712 1006 1764 τοῦ.
1035 1705 1108 1770 Scio
1136 1709 1249 1763 α’καυσα
1276 1704 1409 1768 nonita

289 1811 383 1877 facile
403 1813 492 1877 abire
513 1813 656 1896 potuisse
676 1813 710 1877 in
732 1819 889 1892 κλαπεῖσα,
912 1834 993 1892 quae
1014 1812 1138 1874 Aoristi
1160 1809 1283 1874 Passivi
1303 1808 1409 1873 formu

289 1921 420 2001 legitur
436 1918 536 1984 Thuc.
566 1918 631 1984 VII
658 1921 705 1983 85.
736 1918 818 1983 Plat.
840 1919 919 2000 Rep.
941 1941 1015 2000 pag.
1037 1919 1097 1982 413
1118 1922 1150 1982 et
1169 1917 1251 1981 llen.
1273 1915 1356 1979 Hell.
1379 1913 1409 1980 V

289 2028 318 2106 4,
348 2029 393 2107 12,
424 2033 455 2092 et
484 2028 581 2091 etiam
610 2027 773 2091 difficilius
801 2026 834 2088 in
863 2021 1046 2106 κλεφθεῑσα,
1067 2046 1136 2104 quo
1152 2023 1285 2088 Acristo
1307 2021 1410 2084 utitur

290 2132 461 2215 Euripides
480 2133 533 2198 Or.
553 2133 639 2197 1580.
659 2131 730 2209 Sed,
749 2133 835 2212 quod
854 2131 930 2196 olim
949 2131 1068 2206 monui,
1081 2134 1195 2188 ἄκουσα
1207 2126 1409 2210 glossematis

291 2241 430 2322 speciem
466 2240 574 2319 habet,
611 2263 675 2321 quo
706 2244 836 2321 recepto
868 2244 905 2303 ut
933 2240 971 2303 fit
997 2239 1031 2302 in
1058 2243 1191 2313 textum,
1219 2235 1409 2300 vocabulum

290 2346 374 2411 infra
395 2347 560 2428 scriptum,
577 2347 611 2410 id
628 2347 713 2428 quod
733 2347 908 2412 sexcenties
925 2346 1046 2411 facturn
1064 2345 1221 2422 novimus,
1239 2343 1332 2408 facile
1350 2363 1409 2423 po-

290 2455 354 2519 tuit
375 2454 566 2519 oblitterari.

291 2668 487 2734 Trach.2953
509 2671 613 2744 γίνοιτ’
636 2669 753 2747 ἔπουρος
773 2672 907 2732 tortores
928 2669 1012 2746 αὔρα,

511 2776 575 2852 ἣτις
595 2777 626 2853 μ’
649 2779 826 2832 αποικὶσειεν
847 2778 1042 2842 ἐκτόπων,
1063 2776 1140 2837 ὅπως

508 2885 558 2939 τὸν
580 2883 651 2939 Δῖον
672 2883 800 2958 ἄλκιμον
820 2885 906 2956 γόνον

509 2991 550 3066 μὴ
575 2991 727 3066 replicatio
748 2982 870 3066 θάνοιμι

509 3100 648 3172 μοῦνον
668 3099 805 3153 εΙσιδοῦσ’
827 3093 921 3175 ἄφαρ.

296 3259 297 3262 ,
334 3200 396 3266 Pro
425 3207 458 3260 ἐκ
486 3207 583 3260 τόπων
612 3206 668 3266 eut
695 3205 825 3260 ἐκποδὼν
853 3202 1078 3282 corrigendum
1107 3221 1174 3265 esse
1201 3203 1257 3263 aut
1277 3203 1411 3258 ἐκτόπιον

293 3308 355 3388 (cll.
385 3307 421 3373 0.
445 3308 483 3372 R.
506 3308 564 3372 119
585 3313 617 3372 et
638 3309 673 3374 Ο.
696 3307 727 3373 O.
751 3309 842 3388 1340)
864 3307 940 3372 olim
961 3307 1080 3372 monui.
1100 3305 1165 3370 Pro
1188 3311 1295 3384 μοῦνον
1318 3303 1411 3369 Wec-

292 3414 431 3479 kleinins
452 3415 597 3496 reposuit
619 3415 655 3479 G.
676 3415 716 3480 H.
735 3405 882 3480 Muelleri
899 3415 1115 3479 coniecturum
1132 3421 1247 3492 μῶλυα,
1262 3412 1286 3493 ²)
1299 3417 1411 3494 aptum

293 3545 369 3588 sune
387 3523 587 3601 vocabulum,
606 3524 692 3604 quod
709 3522 830 3587 nullutn
852 3522 979 3602 quidem
996 3523 1164 3603 antiquum
1175 3519 1412 3585 habetfideius·

295 3651 399 3694 sorem
427 3636 459 3694 et
486 3629 642 3712 Hesychii
670 3631 889 3711 seriorumque
919 3634 1088 3711 poetarum
1116 3627 1309 3692 auctoritate
1335 3625 1411 3689 niti-

294 3742 355 3813 tur,
383 3737 438 3802 sed
465 3742 573 3802 tamen
597 3738 833 3819 quodammodo
855 3737 1097 3802 commendatur
1117 3732 1290 3817 participio
1310 3751 1411 3809 μεμω-

334 3998 352 4063 1)
372 4004 423 4051 Ubi
456 4006 560 4076 μῶλον
592 4002 759 4063 proposuerit
786 4001 887 4059 ignoro,
915 4011 974 4046 nem
1000 4001 1027 4046 in
1055 3995 1359 4045 Emendationibus
1386 3998 1413 4043 et

294 4097 441 4158 Interpr.
465 4111 525 4158 peg.
546 4098 579 4144 ‘13
597 4097 699 4144 duobus
718 4099 778 4156 post
796 4107 836 4141 me
849 4094 929 4140 ennis
947 4106 1019 4140 mese
1039 4093 1201 4140 coniectores
1218 4092 1325 4150 ignarus
1344 4101 1412 4136 oom-

294 4183 426 4230 mendcvit
444 4183 470 4228 et
488 4182 544 4241 ipse
562 4183 682 4257 μαῦροα,
