3166 5002
744 563 784 627 63

166 733 168 738 Ι
201 743 375 815 scholiasta
402 749 543 832 explicat
571 754 717 840 πολλάκις
744 755 1025 829 άναπετολιρμένον,
1042 750 1151 831 itaque
1174 745 1324 830 πολυθρύ-

202 858 304 936 λητον,
331 879 444 955 sanum
471 879 538 922 esse
563 879 666 938 neque
694 857 746 922 aio
772 879 832 922 nec
858 880 953 940 nego.
979 856 1014 923 Si
1035 857 1246 939 depravatum
1268 860 1325 936 est,

202 964 287 1030 haud
303 965 413 1047 inepte
430 965 568 1030 fortasse
585 965 723 1030 conicias
744 986 762 1024 τ
768 971 1032 1046 ριτάλαισταν,
1054 987 1118 1046 quo
1135 963 1327 1048 respiciatur

203 1073 243 1137 ad
277 1073 367 1137 chori
401 1073 498 1137 verba
531 1072 617 1152 (856)
652 1080 786 1153 πατρῷον
821 1076 847 1131 δ’
882 1077 1006 1138 ἐκτίνεις
1036 1075 1093 1131 τιν’
1121 1074 1245 1131 άθλον.
1276 1071 1326 1136 De

202 1179 409 1260 sequentibus
431 1180 534 1244 verbis
554 1180 692 1245 fortasse
713 1203 778 1245 non
800 1181 897 1262 plane
917 1179 1031 1244 inutile
1052 1183 1100 1244 eat
1121 1201 1251 1244 monere
1269 1177 1327 1258 (si-

201 1285 267 1351 lere
300 1286 384 1350 enim
418 1285 568 1351 videntur
600 1290 882 1364 commentatores)
912 1287 1111 1367 Antigonam
1144 1284 1326 1351 existimare

203 1416 271 1459 esse
287 1393 553 1459 necessitudinem
572 1395 733 1478 quandam
750 1395 835 1458 inter
852 1393 991 1459 incestas
1008 1396 1177 1474 parentum
1198 1391 1326 1476 nuptias

203 1505 235 1566 et
256 1523 345 1565 suam
366 1500 541 1582 fratrisque
562 1483 646 1566 circa
667 1500 908 1565 matrimonium
928 1499 1160 1564 infelicitatem.

203 1712 315 1796 Antig.
336 1713 395 1778 966
418 1719 495 1792 παρά
517 1717 548 1771 δὲ
571 1719 702 1773 κυανέων
724 1717 877 1773 σπιλάδων
899 1716 1064 1792 διδύμας
1084 1716 1177 1778 άλὸς
1233 1767 1236 1772 .

416 1826 532 1879 άκταὶ
554 1824 759 1900 Βοσπόριαι
782 1822 828 1899 ἡδ’
850 1825 863 1878 ὁ
884 1823 1009 1900 Θρῃκῶν

415 1931 628 2007 Σαλμυδνσάς,
651 1929 687 1985 ἵν’
708 1932 894 2004 ἀγχίπτολις
914 1927 1013 2005 ”Apes
1034 1931 1095 1984 κτέ.

243 2033 504 2101 Schneidewinus
537 2056 688 2099 numeros
721 2033 882 2115 corrigere
914 2019 1058 2097 conatus¹
1078 2035 1127 2096 est
1157 2031 1325 2096 scribendo

121 2169 125 2180 ¹
204 2145 331 2222 διδύμας
351 2149 468 2222 πέτρος,
490 2143 545 2207 sed
566 2165 630 2207 non
652 2141 758 2223 placet
777 2143 1109 2220 σπιλάδων-πέτρας,
1127 2145 1159 2204 et
1176 2139 1210 2203 iu
1229 2139 1327 2204 libro-

203 2271 275 2314 rum
296 2250 455 2333 scriptura
476 2255 606 2308 κυανέων
627 2254 783 2326 πελάγεων
806 2246 975 2327 (σπιλάδων
998 2245 1165 2311 Wieseleri
1187 2250 1235 2310 est
1256 2267 1327 2310 cor·

203 2355 318 2435 rectio)
348 2364 459 2435 πετρῶν
486 2358 613 2434 διδύμοις
639 2356 712 2421 άλάς
735 2378 799 2420 non
822 2354 1032 2419 dubitandum
1053 2352 1129 2434 quin
1152 2360 1264 2432 πετρῶν
1284 2351 1327 2415 sit

204 2461 364 2542 glossema
385 2460 533 2526 vocabuli
554 2461 783 2544 praecedentis.
804 2461 888 2526 Mihi
908 2483 972 2525 non
994 2461 1178 2543 displiceat:

419 2574 497 2647 παρά
519 2571 550 2626 δὲ
572 2575 702 2627 κυανέοιο
724 2572 878 2628 σπιλάδων
900 2572 1140 2647 διδυμαόνων

416 2681 514 2734 άκτά
537 2679 725 2756 Βοσπορια
745 2677 829 2735 ”στι
850 2681 899 2734 καὶ
922 2680 935 2734 ὁ
956 2677 1080 2754 Θρῃκῶν

417 2785 630 2862 Σαλμυδησάς,
652 2786 687 2840 ἵν’
710 2790 778 2841 κτλ.

204 2997 316 3079 Antig.
340 2997 418 3062 1034
820 2998 905 3055 κούδὲ
926 3004 1074 3075 μαντικῆς

437 3103 631 3182 άτρακτος
653 3104 722 3180 ὑμῖν
742 3107 810 3180 εἰμί.

245 3205 337 3283 Quod
365 3208 503 3274 coniecit
530 3207 714 3292 Stephanus
737 3213 867 3288 άπροιτος
887 3230 959 3273 cum
981 3207 1151 3272 manifesto
1172 3229 1237 3273 non
1259 3207 1326 3272 suf·

203 3315 301 3390 ficiet,
322 3315 425 3379 Pallis
447 3320 586 3396 άτρωτος,
603 3319 750 3391 άγευστος
767 3320 876 3380 autem
893 3312 1060 3380 Nauckius
1078 3317 1326 3396 proposuerunt.

204 3421 350 3504 Gogilari
371 3421 467 3486 eliam
488 3427 598 3504 potest
615 3422 653 3487 de
672 3422 840 3487 scribendo
861 3427 1081 3502 άτάρακτος,
1102 3422 1169 3486 sive
1190 3416 1325 3501 άθρακ-

205 3549 275 3594 τος.
297 3526 334 3592 O.
356 3526 395 3591 R.
412 3528 472 3591 484
489 3531 569 3587 δεινά
588 3550 626 3607 με
643 3535 710 3588 νοῦν
728 3533 808 3588 δεινά
827 3534 1012 3608 ταράσσει
1029 3527 1124 3610 σοφὸς
1141 3523 1326 3594 οιωνοθέτας.

204 3742 317 3824 Antig.
340 3743 417 3807 1096
438 3748 471 3802 τά
492 3747 519 3802 τ’
541 3739 673 3805 εἰκαθεῖν
694 3751 751 3823 γάρ
773 3747 874 3815 δεινόν,
896 3749 1081 3802 άντιστάντα
1103 3746 1134 3802 δὲ

439 3853 497 3929 άτρ
519 3854 650 3929 πατάξαι
671 3845 795 3929 θωμὸν
816 3854 853 3908 ἐν
875 3855 983 3923 δεινῷ
1004 3856 1092 3930 πάρα.

248 3953 352 4034 Volua,
369 3956 550 4021 emendatio
573 3961 673 4016 δεινῶν
694 3964 766 4037 τέρα
787 3979 847 4040 pro
870 3961 953 4031 δεινῷ
976 3962 1054 4036 πάροι
1075 3957 1153 4021 satis
1175 3962 1261 4022 certa
1281 3957 1326 4023 vi·

205 4060 307 4134 detur,
328 4060 452 4141 reliqua
472 4063 627 4128 correctio
644 4063 775 4128 incerta.
793 4063 979 4145 Temptavit
996 4063 1172 4147 ingeniose,
1191 4067 1227 4129 ut
1244 4087 1328 4129 sem-

205 4189 272 4249 per,
294 4165 476 4233 Nauckius:
