3166 5002
230 1282 406 1366 Sophocles
438 1289 486 1349 est
516 1285 549 1349 iu
580 1307 616 1349 eo
650 1292 817 1368 poetarum
847 1285 1038 1349 Graecorum
1067 1307 1200 1349 numero
1229 1308 1310 1367 quos

191 1391 337 1472 propter
353 1392 501 1456 eximiam
530 1393 761 1474 praestantiam
789 1393 885 1456 semel
914 1393 1014 1457 lectos
1043 1415 1168 1474 semper
1193 1393 1310 1474 relegi-

190 1521 270 1575 mus,
297 1521 441 1581 quosque
461 1500 590 1581 penitus
611 1499 797 1581 intellegere
818 1500 983 1582 cupientes
1004 1499 1188 1578 identidem,
1210 1499 1311 1562 sicubi

191 1607 327 1672 obscura
345 1609 564 1690 impeditaque
582 1609 740 1673 sententia
759 1608 950 1672 offendimur
967 1612 1023 1672 aut
1035 1607 1189 1672 vocabulo
1201 1607 1310 1688 inepte

190 1714 297 1795 posito
319 1720 375 1779 aut
395 1716 587 1781 inconcinne
609 1738 742 1780 numero
764 1721 820 1780 aut
840 1716 980 1798 migrata
1001 1716 1137 1798 denique
1159 1738 1311 1797 quacum-

191 1845 252 1903 que
273 1824 428 1888 sermonis
450 1823 564 1888 Graeci
584 1824 664 1905 lege,
685 1824 845 1906 philologi
866 1824 1004 1887 dormire
1025 1823 1202 1904 nequimus,
1221 1823 1320 1904 prius·

191 1951 287 2010 quam
306 1953 365 2012 pro
383 1931 448 1994 suis
467 1931 603 2013 quisque
624 1931 742 1995 viribus
761 1931 947 1995 coniciendo
967 1937 998 1994 et
1015 1931 1205 2012 temptando
1218 1930 1310 1994 nobis

191 2035 320 2116 quidem
339 2037 419 2118 ipsis
441 2038 541 2101 multo
564 2036 690 2120 saepius
714 2059 809 2118 quam
831 2037 912 2115 aliis,
933 2060 1087 2119 persaepe
1108 2041 1216 2100 tamen
1238 2037 1310 2100 aliis

191 2164 318 2224 quoque
351 2144 454 2208 varias
485 2144 630 2215 locorum
663 2143 869 2209 difficultates
897 2143 1034 2208 feliciter
1062 2144 1236 2222 removisse
1264 2143 1311 2206 vi·

190 2248 329 2313 deamur.

230 2356 412 2421 Mirandum
439 2359 540 2439 igitur
564 2380 629 2422 non
651 2363 699 2422 est
719 2359 866 2427 homines
888 2356 1040 2435 eruditos,
1061 2356 1142 2420 nihil
1164 2359 1310 2420 curantes

148 2494 153 2504 ·
189 2463 278 2545 volgi
306 2468 338 2528 et
365 2464 610 2529 semidoctorum
639 2465 722 2529 risus
744 2465 882 2546 ineptos,
904 2485 1029 2545 semper
1049 2484 1152 2526 novos
1173 2463 1311 2526 scribere

190 2571 439 2635 commentarios
477 2572 615 2650 criticos
655 2571 770 2653 quibus
802 2571 974 2652 diligenter
1003 2574 1130 2634 utentes
1162 2571 1309 2647 editores,

190 2677 264 2741 dum
287 2682 381 2744 cauto
403 2682 435 2742 et
454 2678 605 2760 prudenti
626 2679 744 2744 iudicio
763 2683 850 2743 certa
868 2679 907 2742 ab
925 2678 1066 2756 incertis,
1086 2700 1159 2742 vera
1176 2677 1310 2755 afalsiS,

188 2783 372 2865 probabilia
397 2808 416 2848 a
437 2808 549 2868 parum
572 2785 796 2849 verisimilibus
818 2790 996 2863 secernunt,
1017 2807 1116 2849 novas
1136 2785 1308 2849 identidem

188 2895 305 2973 parant
322 2891 478 2957 editiones
497 2915 623 2974 semper
640 2892 773 2975 propius
792 2893 976 2958 accedentes
995 2892 1034 2956 ad
1053 2914 1122 2956 eam
1137 2891 1310 2975 puritatem

189 3023 253 3081 qua
279 2989 476 3066 immortalia
505 3023 604 3083 opera
625 3023 663 3066 ex
686 3001 829 3082 ipsorum
852 3001 1045 3081 scriptorum
1068 2999 1213 3062 manibus
1234 3020 1310 3079 pro·

189 3108 331 3186 dierunt;
354 3109 409 3191 qui
430 3131 504 3173 sane
525 3108 760 3191 pulcherrimus
783 3112 830 3172 est
848 3107 1114 3172 difficillimorum
1132 3106 1309 3170 studiorum

187 3208 271 3295 finis,
306 3217 405 3300 digna
434 3217 583 3298 improbo
615 3239 711 3298 saepe
741 3215 850 3280 labore
881 3199 1010 3284 merces.
1044 3213 1172 3277 Habent
1202 3217 1310 3276 autem

188 3323 537 3405 praestantissimorum
575 3323 758 3387 criticorum
792 3320 1013 3386 commentarii
1045 3324 1174 3400 praeter
1205 3323 1310 3382 cetera

189 3432 285 3496 etiam
314 3432 377 3496 hoc
405 3431 488 3512 boni,
518 3435 553 3495 ut
581 3431 666 3494 haud
693 3452 778 3508 rar0,
805 3429 859 3493 ubi
887 3428 967 3511 ipsis
992 3426 1159 3508 scriptoris
1180 3447 1308 3489 manum

187 3538 358 3604 restituere
387 3560 452 3603 non
484 3538 667 3620 contigerit,
698 3541 805 3601 tamen
834 3558 916 3617 quae
942 3533 1125 3614 requiratur
1152 3531 1311 3596 sententia
1355 3615 1357 3619 ι

187 3645 419 3726 perspicientes
440 3643 521 3724 aliis,
544 3646 639 3710 etiam
663 3645 768 3708 minus
789 3644 891 3708 doctis
913 3646 945 3707 et
965 3642 1077 3720 acutis,
1098 3640 1165 3704 veri
1186 3639 1309 3704 inveni-

187 3751 265 3815 undi
285 3752 369 3817 viam
391 3753 537 3817 muniant
558 3752 777 3834 aperiantque.

229 3857 311 3921 Mihi
333 3881 388 3924 cur
407 3860 510 3924 denuo
528 3859 561 3924 in
580 3859 664 3923 hanc
681 3881 808 3924 arenam
828 3856 1026 3938 aliquamdiu
1043 3855 1199 3932 relictam,
1217 3874 1309 3935 pror-

188 3987 241 4029 sus
270 3968 379 4030 tamen
407 3967 587 4049 neglectam
608 3989 793 4048 numquam,
816 3963 1046 4041 descenderem,
1069 3981 1164 4024 causa
1184 3957 1310 4023 exstitit

188 4071 289 4136 lectus
310 4072 396 4136 liber.
408 4074 611 4155 pereruditus
631 4071 667 4136 F.
687 4071 740 4138 W.
758 4071 925 4150 Scaurum,
946 4069 1001 4151 qui
1018 4066 1203 4131 inscribitur
1221 4064 1309 4128 Kri-

187 4179 324 4245 tische
343 4179 515 4246 Studien
534 4182 672 4246 auden
691 4177 989 4246 Griechischeu
1009 4173 1309 4250 Dramatikern,

1188 4281 1199 4320 1
