3166 5002
731 565 770 628 15

191 753 305 819 Trach.
325 754 385 818 866
407 758 482 832 ηχεῖ
499 774 545 818 τις
565 755 617 811 οὐκ
639 755 805 831 άοημον,
827 758 908 811 οῖλλά
930 756 1109 831 δυστυχῆ
1157 825 1160 830 ¹

408 866 540 920 κωκυτὸν
561 865 638 920 εῖοιο.

229 959 329 1033 Reate
351 967 517 1032 Walterus
539 966 715 1048 εὔφημον
738 968 910 1033 coniecisse
928 967 1064 1045 videtur,
1081 967 1135 1031 sed
1146 969 1313 1048 praeterea

163 1088 165 1094 '
192 1081 376 1157 suspectum
398 1074 500 1140 habeo
523 1078 674 1153 δυστυχεῖ,
695 1098 755 1157 pro
777 1099 841 1157 quo
864 1079 1014 1157 expectes
1036 1078 1232 1155 δύσθροον,
1253 1074 1274 1138 i.
1286 1096 1312 1139 e.

140 1212 143 1216 ·
192 1180 362 1262 δύσφημον.
385 1181 431 1246 Of.
453 1181 569 1247 Aesch.
591 1181 679 1248 P-ers.
702 1181 880 1263 9491076.
903 1181 994 1247 Pind.
1017 1180 1113 1264 Pyth.
1135 1179 1183 1246 IV
1204 1183 1252 1246 63.
1359 1189 1362 1193 '

193 1393 448 1460 Trach..873T1
471 1399 497 1455 δ’
520 1398 541 1454 ὤ
563 1401 678 1476 γεραιά,
699 1391 977 1475 καινοτοιηθὲν
998 1402 1113 1472 λέγεις,

219 1502 374 1567 ‘Verbum
402 1513 576 1563 καινοποιεῖν
604 1505 714 1569 eodem
742 1505 810 1568 iure
838 1502 1015 1586 Sophocles
1036 1502 1176 1568 formare
1197 1503 1314 1584 potuit,

192 1631 257 1690 quo
285 1610 369 1674 iufra
397 1633 426 1674 v.
452 1611 509 1675 891
540 1611 621 1675 dixit
645 1620 863 1690 χειροτονεῖται.
890 1610 1007 1676 Moneo
1028 1611 1070 1675 ob
1091 1610 1313 1689 Schmidtiuna

194 1716 249 1796 qui
271 1714 402 1780 verbum
422 1722 543 1782 temere
564 1718 727 1782 sollicitat.

194 1926 309 1993 Trach.
329 1931 390 1995 878
412 1934 530 1990 τάλαιν’
554 1927 686 2012 ὀλεθρῖ
694 1954 722 1990 α·
744 1939 800 1992 τῖνι
822 1938 917 2013 τράτρ]
938 1929 1042 1994 θανεῖν
1064 1932 1126 2014 οφε
1148 1931 1227 2013 φηςς

232 2031 378 2116 Ὀλεθρῖα
397 2037 608 2120 depravatum
626 2061 694 2104 esse
712 2039 791 2104 olim
809 2040 919 2104 monui
936 2039 1095 2105 coniciens
1115 2036 1247 2119 ὀλέθρου,
1259 2040 1315 2104 sed

193 2165 296 2224 neque
327 2144 390 2210 hue
419 2145 524 2210 hodie,
545 2146 626 2211 mihi
653 2148 759 2229 placet
786 2169 890 2229 neque
917 2170 999 2228 quae
1027 2147 1082 2212 alii
1110 2147 1315 2213 coniecerunt

196 2251 280 2326 δητα,
302 2250 421 2331 ἔφριξα,
442 2255 545 2313 ῖλιολε.
566 2252 777 2318 Praetulerim
800 2258 900 2318 certe:

413 2364 542 2430 τάλαιν’,
565 2366 667 2427 ὀλεῖς
688 2384 742 2441 με·
764 2369 821 2421 τῖνι
843 2368 937 2442 τρότιρ
961 2368 1021 2423 art.

193 2463 214 2526 i.
236 2487 261 2528 e.
294 2468 392 2524 τοῖσδε
424 2476 484 2533 τοῖς
510 2473 620 2545 λόγοις,
648 2473 684 2533 ut
711 2470 805 2552 plene
834 2470 951 2535 dicitur
977 2469 1117 2536 Philoct.
1147 2472 1234 2536 1388.
1262 2471 1315 2537 sic

194 2570 296 2636 Elect.
327 2572 383 2637 831
415 2580 535 2639 ατολεῖς
566 2574 726 2656 significat
757 2577 904 2658 perdes
935 2599 1011 2656 me,
1044 2578 1077 2642 si
1108 2578 1168 2642 ita
1199 2579 1315 2660 loqui

192 2699 355 2760 pergae,
378 2684 410 2744 et
430 2702 523 2764 saepe
548 2681 594 2745 sic
616 2682 702 2763 apud
723 2682 975 2766 Aristophanem
996 2688 1064 2748 tam
1086 2685 1196 2750 addito
1217 2708 1314 2767 quam

194 2786 311 2850 omisso
332 2791 530 2868 pronomine.
552 2788 661 2854 Possis
680 2790 793 2854 etiam:

414 2899 543 2965 τάλαιν’,
567 2900 704 2955 ὄλωλα·
726 2905 793 2956 κτλ.

193 3004 230 3062 ut
251 3001 408 3065 exclamat
428 3001 595 3067 Tecmessa
616 3003 706 3069 Aias.
728 3004 797 3084 896,
818 3004 950 3086 cognita
972 3004 1079 3069 mariti
1100 3010 1213 3072 morte.

193 3213 307 3279 Trach.
331 3217 387 3280 901
412 3223 460 3274 aet
489 3221 569 3276 παῖδ’
591 3223 622 3277 έν
645 3221 754 3285 αὐλαῖς
775 3221 832 3279 εἶδε
853 3228 966 3279 κοῖλα
989 3224 1093 3300 δέμνια
1122 3220 1126 3302 Ι
1154 3224 1314 3301 στόρνυνθ’.

232 3320 310 3386 Leni
334 3344 410 3388 sane
432 3325 609 3390 mutatione
629 3325 792 3392 Meklerus
815 3329 951 3423 couieeit
973 3332 1109 3407 ἕκηλα,
1131 3331 1217 3410 quod
1238 3353 1314 3413 pro·

194 3427 312 3508 barem,
335 3429 363 3494 si
385 3436 548 3496 constaret
569 3432 615 3497 sie
635 3432 697 3496 dici
715 3434 858 3517 potuisse
875 3434 1003 3514 lectum,
1022 3440 1052 3493 έν
1072 3438 1091 3511 ᾧ
1110 3438 1216 3514 ἕκηλον
1234 3437 1315 3495 ἔστιν

193 3537 298 3595 εὕδειν.
317 3535 419 3616 Nunc,
432 3538 458 3602 si
469 3538 547 3619 quid
559 3540 756 3618 mutandum,
768 3541 915 3620 equidem
925 3541 1132 3623 praetulerim
1144 3563 1167 3621 μ
1177 3549 1250 3600 αλα
1260 3549 1314 3601 κα.

194 3748 308 3814 Trach.
330 3753 390 3815 914
410 3757 471 3811 ε’τεὶ
493 3756 524 3811 δὲ
546 3756 633 3812 τῶνδ’
655 3755 769 3833 ἔληξεν,
790 3754 937 3836 ἐξαίφνης
957 3755 1014 3837 σφ’
1036 3760 1089 3835 ὁρῶ

412 3863 463 3918 τὸν
484 3862 658 3939 Ἡράκλειον
679 3855 822 3940 θάλαμον
843 3867 1070 3942 εῖοορμωμένην.

411 3969 514 4043 adyta
535 3961 681 4046 λαθραῖον
701 3971 772 4046 ὄμμ’
793 3973 1010 4049 ε’τεοκιαομένη

411 4072 566 4153 φρούρουν·
587 4080 640 4154 ὁρῶ
662 4077 693 4132 δὲ
715 4079 770 4154 την
790 4085 920 4152 γυναῖκα
942 4080 1002 4134 art.

233 4177 362 4260 Aptius,
386 4179 449 4242 nisi
470 4178 575 4259 fallor,
596 4202 657 4262 pro
679 4185 763 4257 κάγὼ
785 4182 944 4246 scribetur
965 4188 1026 4240 καὶ
1049 4187 1097 4259 γα
1104 4204 1129 4262 ρ.
