3166 5002
746 525 786 590 25

466 719 581 792 πέτρα
605 720 712 792 πέτρας
733 709 854 782 ύνωθεν,
871 718 987 793 alpago>
1010 719 1115 774 πεσών.
1158 727 1160 732 ’

245 816 389 882 Verbum
419 822 578 897 ε’ναιμύξω,
609 841 672 900 quo
700 820 803 883 utitur
830 819 1020 896 Scholiasta,
1047 824 1124 885 nato
1152 819 1327 886 fortassee

206 924 320 989 litteris
339 920 433 985 λ’νιοθ
451 930 599 1004 ε’ναιμύξιο
616 927 699 990 male
717 926 836 1006 divisis,
852 927 1012 991 veteribus
1022 927 1137 991 saltem
1147 927 1327 991 inauditum

207 1036 264 1113 est,
279 1034 389 1114 itaque
408 1032 619 1107 Hermannus,
638 1033 694 1113 qui
710 1032 815 1098 haesit
831 1034 864 1098 in
881 1040 1163 1116 usrpaperperam
1174 1034 1326 1100 coniecit:
1439 1065 1441 1068 ·

408 1147 516 1220 πέτρος
537 1143 646 1200 trater
672 1143 828 1218 <τῆσδ’>
854 1144 1047 1219 ἑτοιμάζοι
1068 1146 1173 1200 πεσών.
1225 1151 1228 1156 “

246 1246 281 1313 Si
302 1247 377 1327 quid
398 1247 596 1325 mutandum,
617 1247 731 1312 melius
753 1246 907 1312 conicias:

411 1357 592 1433 <παύτης>
620 1360 727 1433 πέτρας
748 1349 865 1415 ύνιοθεν
886 1358 1003 1434 αἱμύξω
1025 1359 1121 1413 πεσών

206 1460 256 1525 vel
282 1464 451 1541 <ύιιρας>
480 1467 588 1540 πέτρας
614 1466 675 1520 κτέ.
702 1449 853 1540 (liniat.
876 1462 934 1526 411
957 1465 1055 1541 saper
1075 1466 1114 1520 έιι
1136 1465 1250 1538 πάγων,
1270 1461 1327 1525 ubi

206 1573 265 1628 ecl
287 1569 502 1662 necessarium
520 1568 622 1633 videri
644 1568 722 1632 olim
741 1568 863 1632 monui.

206 1781 344 1847 Philoot.
368 1783 446 1847 1032
741 1790 802 1848 πῶς
822 1777 902 1848 θεοῖς
923 1783 1073 1860 εύξεσθ’
1095 1787 1186 1861 έμοῦ

466 1893 710 1955 πλεύσαντος
732 1892 822 1948 αύύειν
844 1895 922 1970 1ερύ;
943 1898 1004 1955 πῶς
1026 1893 1160 1949 σπένδειν
1182 1894 1234 1949 ἔτι.

245 1997 380 2062 Melrleri
418 1997 610 2073 coniectura,
645 2018 742 2076 quam
771 1983 926 2080 impedito
956 1997 1061 2060 textui
1091 1997 1201 2061 intulit
1231 1999 1328 2076 ἔξεστ’

205 2104 292 2185 (cum
312 2103 479 2182 Piersono)
502 2109 553 2184 ἐμὲ
575 2108 740 2163 λεύσσοντα
761 2111 789 2162 σ’
807 2107 897 2162 αι’θειν
917 2109 993 2184 Ispa,
1013 2125 1125 2169 vercor
1143 2108 1178 2168 ut
1196 2105 1327 2186 probari

204 2214 318 2296 possit.
338 2211 424 2278 Nam
445 2213 531 2294 quod
551 2213 629 2278 olim
646 2212 832 2277 Dindorfius
850 2234 922 2277 vere
940 2212 1132 2286 observavit,
1149 2211 1245 2276 huius
1262 2211 1328 2277 loci

205 2323 254 2384 est
280 2323 407 2403 tempus
433 2320 587 2398 futurum,
615 2341 680 2384 non
704 2340 864 2401 praesens,
887 2322 919 2382 et
940 2318 1064 2394 dubiae,
1086 2322 1123 2382 ut
1142 2319 1258 2384 leniter
1279 2318 1327 2382 di-

205 2448 286 2504 cam,
308 2430 356 2491 est
377 2424 569 2491 Graecitatis
591 2428 687 2504 ἒξεστί
709 2447 742 2484 σε
764 2421 866 2486 αἴθειν
888 2447 947 2506 pro
969 2446 1014 2484 σοι
1036 2421 1148 2486 αἴθειν.

245 2532 318 2616 lpse
346 2533 423 2599 olim
449 2532 678 2614 Verslagen
699 2533 752 2598 l.l.
774 2554 849 2614 pag.
870 2533 910 2598 33
930 2532 1028 2596 aliam
1048 2533 1133 2598 viam
1152 2533 1327 2614 ingressus,

205 2639 251 2703 sic
272 2639 466 2704 scribebam:
963 2661 965 2665 ’

248 2745 347 2825 ,Quia
382 2750 518 2829 propter
548 2747 645 2812 verba
675 2746 823 2829 proxime
852 2767 1043 2829 praegressa
1073 2745 1327 2811 additamentum

210 2858 299 2933 „apori
317 2857 501 2920 πλεύσαντος
520 2853 757 2935 (requirebatur
775 2859 847 2933 ἐμοῦ
863 2853 1135 2933 συμπλεύσαντος),
1152 2857 1327 2936 propterea

208 2961 311 3040 ,quod
342 2983 412 3025 eam
443 2961 675 3042 cogitationem
701 2961 787 3025 ultro
817 2961 1012 3043 supplemus,
1042 2963 1163 3043 optime
1191 2966 1329 3044 aposta

208 3067 333 3146 ,omitti
353 3069 470 3150 potuit,
493 3068 674 3151 suspicatus
692 3090 762 3132 sum
780 3067 834 3132 hic
850 3067 1060 3149 interpretem
1071 3071 1187 3149 poetae
1197 3090 1327 3134 manum

207 3173 436 3254 ,oblitterassa
458 3168 555 3254 quam
575 3172 673 3242 fuisse
693 3173 811 3241 hauoe:

924 3289 985 3346 πῶς
1005 3276 1118 3344 θεοῖσιν
1140 3284 1246 3360 ἕξετε

246 3391 488 3455 πλεύσαντες
510 3387 603 3470 (velis
624 3389 730 3467 factis)
752 3392 842 3448 arasa
864 3394 940 3469 ἱεράς
962 3398 1023 3455 πῶς
1043 3393 1178 3450 σπένδειν
1199 3365 1280 3462 έτι;”

244 3493 339 3559 Hanc
360 3495 576 3561 coniecturam
596 3496 672 3560 licet
690 3497 834 3560 nondum
855 3497 1027 3578 repudiem,
1048 3497 1118 3561 fieri
1139 3500 1248 3562 tamen
1269 3520 1327 3581 po·

204 3606 269 3666 test
300 3606 336 3666 ut
367 3604 493 3682 εύξεσθε,
526 3602 614 3667 cuius
646 3602 734 3668 verbi
764 3603 855 3668 notio
883 3604 1005 3685 optime
1032 3603 1131 3668 habet
1158 3604 1328 3668 coniuncta

205 3730 277 3773 cum
299 3709 507 3790 sequentibus
529 3709 634 3774 uerbis
655 3705 740 3771 θύειν
762 3713 794 3774 et
814 3713 967 3778 σπένδειν,.
981 3731 1093 3776 sanum
1113 3711 1165 3786 sit,
1187 3714 1219 3775 et
1235 3732 1327 3792 pror·

203 3837 256 3880 sus
280 3815 405 3881 abiecto
431 3817 516 3897 quod
537 3816 604 3882 dixi
625 3816 826 3898 glossemate,
848 3816 936 3882 locus
957 3816 1020 3882 hoc
1040 3817 1135 3884 modo
1157 3817 1200 3885 sit
1220 3816 1327 3884 radin·

202 3912 414 4003 tegrandusr

711 4038 772 4095 πῶς
793 4025 874 4096 θεοῖς
895 4031 1012 4109 εύξεσθε
1037 4034 1126 4109 <lm

404 4145 464 4201 πῶς
485 4137 597 4214 ἓξετ’>
620 4139 709 4194 αἴθειν
732 4141 810 4215 ἱερούς
832 4145 892 4204 πῶς
913 4139 1048 4195 σπένδειν
1070 4137 1129 4206 ἕσις
