3166 5002
731 558 771 624 59

230 746 387 810 Arndtius
408 744 544 809 coniecit
564 748 701 821 ἀλόγων
723 747 1009 822 οτελανσαμεν.
1032 747 1099 808 Aut
1119 744 1181 808 hoo
1202 765 1312 808 verum

191 853 317 918 videtur
338 855 395 915 aut
415 853 552 927 eloym*
574 855 813 930 ε’κυρήσοιμεν,
834 850 901 916 sive
922 855 1071 927 ἀλόγιστοι
1093 855 1312 930 κνρήσαμεν,

191 960 277 1041 quod
297 979 381 1022 nuno
402 961 593 1039 occupatum
615 957 707 1021 video
728 979 747 1022 a
770 955 979 1023 Gladitsebio.

191 1175 339 1240 Auamma.
361 1173 420 1239 168
441 1180 527 1232 adnot
549 1152 665 1232 διώλετ’
687 1173 770 1254 ἀμφὶ
791 1173 860 1239 τοὺς
881 1178 1015 1231 κείνων
1036 1174 1091 1232 ἔτι

440 1285 548 1345 ταίδας
567 1286 712 1356 μένοντας
732 1282 877 1359 έμτέδους
897 1277 1096 1360 φρονήμασιν.

231 1387 313 1464 Quia
339 1387 524 1472 planissime
552 1390 679 1452 constat
706 1391 836 1468 poetam
859 1408 916 1470 pro
940 1392 1041 1462 κείναν
1063 1386 1187 1478 dedisse
1208 1393 1313 1456 κείνου,

191 1493 257 1559 soil.
285 1492 469 1576 Oedipodis,
497 1495 745 1557 consentaneum
767 1496 816 1557 est
836 1497 872 1557 ut
895 1493 1007 1558 vocula
1028 1515 1162 1574 sequens
1183 1495 1226 1552 ἔτι
1247 1515 1312 1558 non

190 1602 234 1666 sit
265 1601 413 1684 genuina.
440 1599 533 1676 Quod
554 1604 662 1664 autem
683 1605 813 1665 auctore
834 1599 997 1665 Brunokio
1018 1622 1076 1684 pro
1098 1623 1135 1665 eo
1157 1600 1313 1666 substitu-

190 1713 260 1772 tum
286 1711 334 1772 est
360 1712 427 1766 τότε
454 1728 586 1788 prorsus
614 1705 718 1770 otiose
746 1706 881 1771 additur.
909 1705 1086 1786 Aliquanto
1112 1706 1313 1787 probabilius

190 1813 375 1892 scribemus,
396 1816 434 1877 ut
454 1811 604 1891 arbitror,

680 1918 763 1999 ἀμφὶ
785 1919 854 1983 τοὺς
874 1924 969 1978 κείνου
995 1923 1187 1989 <διτλοῦς>

390 2041 394 2048 “
441 2029 551 2091 τοιίδοις
571 2030 632 2085 κτέ.

232 2133 278 2198 Cf.
299 2133 399 2199 Elect.
421 2134 480 2198 539
501 2137 600 2209 ἐκείνῳ
623 2137 758 2199 ταίδες
778 2136 829 2193 οὐκ
851 2136 928 2214 ἦσαν
949 2138 1094 2206 διπλοῖς

193 2347 306 2429 Antig.
329 2350 386 2414 187
407 2349 468 2408 οὔτ’
491 2351 527 2407 ἂν
549 2347 640 2430 φίλον
663 2356 729 2408 τοτ’
750 2353 842 2429 ίίνδμιι
864 2353 997 2428 δυσμενῆ
1018 2355 1130 2415 τόλειος

405 2453 516 2535 θείμην
536 2461 667 2535 ἐμαυτῷ,
685 2461 771 2516 τοῦτο
791 2455 968 2533 γιγνώσκίον
989 2459 1033 2516 ὅτι

406 2565 452 2641 ἥδ’
474 2567 556 2622 ἐστιν
577 2567 594 2640 ἡ
616 2566 761 2642 σῴζουσα,
783 2568 832 2621 καί
854 2567 967 2641 ταύτης
988 2563 1034 2622 ἔτι

407 2676 547 2734 πλέοντες
567 2664 658 2749 ὀρθῆς
677 2671 789 2728 ΤΟΤΣ
811 2669 922 2751 φίλους
943 2666 1117 2750 ποιούμεθα.

133 2847 138 2854 ,
232 2775 344 2841 Omnis
372 2775 467 2839 huius
495 2774 558 2840 loci
582 2775 756 2840 difficultas
776 2776 945 2854 evanescit,
968 2778 995 2841 si
1016 2799 1076 2859 pro
1096 2779 1165 2842 τοὺς
1185 2777 1315 2859 reponi·
1371 2787 1372 2792 ’

190 2905 262 2948 mus
283 2878 380 2948 θεοὺς.
404 2881 535 2964 ,Neque
556 2881 640 2947 enim
662 2904 823 2963 umquam,
845 2881 947 2947 Creon
967 2883 1084 2964 iuquit,
1112 2884 1314 2949 hominem

193 2990 407 3073 ,reipublicae
426 2989 579 3054 infestum
601 2989 736 3053 amioum
759 2988 838 3053 mihi
859 2989 1000 3069 reddam,
1021 2991 1124 3071 probo
1144 2992 1257 3056 benene
1274 2992 1314 3055 ab
1408 3047 1415 3055 .

193 3097 268 3177 ,illa
289 3096 427 3180 pendere
445 3100 589 3161 nostram
607 3095 743 3160 salutem
759 3116 882 3176 nosque
899 3095 989 3161 illam
1006 3097 1096 3161 navis
1113 3096 1216 3162 instar
1228 3101 1315 3162 recte

193 3205 427 3288 ,gubernantes
459 3204 554 3270 deos
584 3203 678 3268 nobis
709 3202 879 3268 conciliare
911 3202 1061 3268 amieos.'’
1093 3202 1247 3268 Creonem
1275 3204 1315 3268 ad

191 3312 332 3391 deorum,
353 3313 491 3390 εὐνομίας
510 3310 703 3392 praesidum,
731 3309 905 3374 amicitiam
929 3332 1106 3391 provocare
1129 3309 1224 3375 huius
1249 3332 1315 3375 mo·

191 3417 278 3482 ribus
305 3417 435 3500 egregie
463 3416 632 3482 convenire
660 3415 739 3480 mihi
768 3417 902 3494 videtur,
929 3439 989 3482 nee
1017 3416 1121 3481 video'
1138 3416 1216 3497 quid
1239 3415 1314 3481 huie

190 3547 280 3589 meae
317 3524 530 3602 coniecturae,
562 3523 659 3588 verbo
691 3523 768 3588 olim
799 3524 1010 3604 significatae,
1040 3524 1156 3589 merito
1189 3523 1315 3589 obverti

191 3632 305 3713 possit.
341 3630 435 3707 Quod
464 3630 648 3711 nuperrime
682 3629 819 3695 coniecit
846 3629 1008 3694 Meklerus
1028 3635 1147 3697 τλοῦε
1174 3632 1315 3696 καλοὺς

192 3733 368 3817 τοιούμεθα,
396 3737 545 3803 immanis
572 3759 609 3802 ea
629 3736 714 3802 foret
734 3737 927 3820 tautologia,
949 3759 1045 3818 quam
1067 3741 1164 3819 poeta
1185 3738 1314 3819 elegan-

191 3846 335 3910 tissimus
350 3866 414 3913 non
430 3843 525 3909 facile
541 3844 737 3909 admissurus
754 3844 877 3922 fuisset,
894 3844 926 3908 id
943 3844 1031 3924 quod
1047 3843 1150 3908 virum
1160 3843 1313 3909 eximium

190 3951 394 4034 praeteriisse
416 3951 524 4017 miror.
545 3949 636 4015 Nihil
658 3973 733 4016 vero
761 3972 841 4034 opus
865 3955 935 4015 erat
956 3955 992 4015 ut
1019 3955 1116 4032 poeta
1139 3949 1314 4030 imaginem

191 4057 270 4123 adeo
292 4057 414 4136 tritam,
435 4058 526 4122 utin
546 4058 630 4122 vitae
651 4057 828 4122 communis
844 4079 935 4122 usum
957 4055 1131 4136 transierit,
1153 4078 1217 4137 qua
1237 4056 1314 4121 civi-

190 4168 240 4228 tas
256 4164 331 4227 navi
351 4170 567 4244 eomparatur,
588 4165 799 4228 continuaret.
