3166 5002
814 563 852 626 14

675 751 766 807 κού-κ
789 754 857 808 ctat
878 754 1061 828 γλώσσης
1083 752 1190 810 κλύων.

312 855 358 920 Of.
387 855 424 920 Ο.
453 855 485 920 0.
515 857 573 921 747
599 861 631 920 et
652 856 765 920 Aesch.
788 857 903 937 Agam.
925 857 993 935 813,
1016 859 1055 920 ad
1077 881 1172 939 quem
1193 859 1299 924 locum
1319 858 1391 922 vide

272 962 335 1026 alia
362 963 458 1026 huius
485 962 642 1027 formulae
666 963 811 1045 exempla
833 965 1005 1028 collectan
1026 964 1229 1030 Blomfieldio
1250 967 1283 1030 in
1305 965 1392 1048 glos·

272 1069 367 1133 sario.
390 1067 437 1133 Of.
459 1068 606 1133 Dindorf.
627 1069 661 1133 in
681 1068 856 1145 Thesauro,
879 1071 939 1135 vol.
960 1069 991 1133 ll
1013 1093 1088 1152 pag.
1109 1073 1178 1136 659.

272 1253 386 1319 Trach.
409 1258 467 1321 756
488 1262 630 1336 μέλλοντι
652 1261 678 1316 δ’
701 1258 781 1332 αὐτῷ
802 1253 991 1339 πολυθύρους
1012 1262 1133 1335 τεύχειν
1154 1258 1281 1340 σφογοὶς

490 1368 585 1445 κηρυξ
603 1369 654 1423 ἀπ’
676 1369 760 1423 otietur
782 1368 854 1423 ἵκετ’
877 1371 1015 1430 οἰκεῖος
1035 1369 1147 1442 Λὶχοος,

489 1476 521 1530 τὸ
543 1475 594 1530 σὸν
616 1471 715 1552 φέρων
736 1475 867 1551 δώρημα,
888 1467 1058 1551 θανάσιμον
1079 1479 1200 1532 σέο-λον.

311 1575 503 1660 Suspectum
524 1582 573 1641 est
594 1584 704 1648 οἰκεῖος,
721 1579 775 1643 sed
796 1580 927 1660 languet
944 1579 1041 1643 etiarn
1060 1581 1092 1637 οὑ
1110 1585 1201 1648 κεοος,
1219 1580 1305 1660 quod
1323 1603 1341 1643 a
1359 1603 1392 1644 se

271 1683 452 1748 coniectum
481 1685 604 1767 recepit
632 1685 804 1764 Meklerus,
838 1691 1045 1751 veruntamen
1078 1686 1176 1769 longe
1207 1688 1314 1769 aptior
1345 1691 1393 1751 est

272 1812 309 1854 ea
338 1791 523 1856 coniectura
550 1815 646 1873 quam
674 1795 864 1873 εὔκαιρος.
890 1795 975 1874 qnod
995 1795 1164 1876 proposuit
1186 1794 1392 1860 Schmidtiun

272 1896 420 1962 Absurde
448 1899 531 1963 eninr
553 1899 580 1962 is
602 1900 658 1980 qui
680 1899 730 1963 cui
751 1899 814 1964 fert
835 1895 1005 1980 &ancarana
1027 1907 1138 1960 πέπλον
1160 1908 1392 1986 opportune

272 2003 347 2069 huic
375 2005 480 2069 venire
509 2005 635 2070 dicitur.
663 2006 741 2071 Loci
764 2008 848 2071 ratio
870 2009 1033 2088 requirere
1054 2008 1179 2072 videtur
1200 2009 1391 2074 vocabulum

273 2112 367 2192 quale
390 2116 437 2176 est
458 2113 590 2191 ἄψορρος,
612 2114 697 2193 quod
719 2117 825 2177 tamen
844 2137 862 2176 a
879 2114 998 2178 tradita
1016 2115 1153 2180 lectione
1171 2115 1265 2179 nimis
1283 2115 1391 2194 distat,

274 2239 370 2298 quam
390 2220 477 2299 quod
499 2219 695 2287 confidenter
716 2221 848 2285 suadere
869 2222 982 2284 ausim.
1004 2220 1166 2296 Quaerant
1188 2221 1252 2286 atii.

272 2389 387 2456 Traoh.
409 2392 468 2456 798
490 2395 510 2450 ὦ
534 2402 595 2462 ποῖ,
616 2396 769 2473 πρόσελθε,
789 2398 831 2473 μη
856 2394 961 2476 Φύγης
982 2385 1212 2475 τοὺριὸηκοοκόο,

488 2503 559 2578 μηδ’
583 2503 611 2558 et'
629 2521 662 2559 σε
682 2505 743 2580 χρη
766 2497 929 2562 θανόντι
950 2498 1111 2563 συοθοοοεῖο
1133 2507 1205 2582 ε’μολ

311 2603 381 2670 Imo
402 2627 475 2670 vero
497 2601 727 2684 θοησκοοτι,
750 2609 835 2687 quod
853 2608 957 2672 labem
976 2610 1115 2693 suscepit
1132 2609 1392 2691 esequentilnfi-

272 2711 383 2776 uitivo.
417 2710 502 2775 Nam
531 2712 585 2776 hic
617 2716 702 2777 certe
733 2713 904 2796 participio
932 2715 1056 2779 Aoristi
1084 2738 1148 2780 non
1169 2716 1279 2780 eadem
1301 2717 1393 2780 venia

273 2822 385 2902 parata
407 2822 464 2896 est,
487 2841 568 2899 quae
588 2819 699 2882 multis
720 2841 788 2884 esse
810 2821 936 2884 videtur
957 2845 984 2884 v.
1008 2824 1083 2886 1111

493 2931 542 2982 κοιλ
565 2927 620 3002 ζῶν
642 2928 824 3006 κοικουργοὺς
843 2933 892 2985 κοιλ
914 2923 1016 2988 &avoir
1037 2933 1207 3008 ἐτεισάμην.

273 3031 328 3095 ubi
346 3030 491 3096 Schmidt
507 3034 647 3114 temptat
664 3039 772 3097 σῶς-
783 3036 941 3104 curtenai,
959 3034 1098 3117 Blaydes
1112 3039 1168 3115 ζῶο
1178 3073 1219 3080 -
1229 3043 1392 3108 adunatur,

273 3139 358 3219 quod
380 3138 595 3219 praetulerim.

274 3310 388 3376 Trach.
410 3313 469 3377 857
490 3316 509 3370 a
532 3318 617 3372 τότε
638 3309 733 3374 &ocu
755 3314 881 3396 νύμφαν

489 3423 605 3496 οἱγοογες
627 3424 677 3480 ἀπ’
700 3427 833 3488 atrewas

490 3531 574 3586 τάνδ’
596 3531 752 3605 ΟΙχοιλὶοος
774 3536 885 3610 αἰχμᾷ.

312 3635 399 3699 Ante
419 3633 448 3698 X
470 3658 571 3701 annos
600 3633 840 3719 (Verslagen
864 3661 892 3702 a.
916 3639 1002 3718 1876,
1024 3640 1103 3720 116,
1127 3642 1153 3721 1,
1174 3663 1249 3722 pag.
1270 3642 1310 3705 28
1330 3640 1391 3722 sq.)

274 3744 398 3810 correxi
428 3747 448 3801 λ’
469 3747 496 3802 τ’
530 3740 713 3824 castam
734 3744 869 3826 ούμφοο,
890 3769 972 3828 quae
994 3749 1165 3825 verissima,
1188 3753 1224 3813 ut
1244 3748 1393 3828 arbitror,

274 3850 453 3916 emendatio
476 3855 532 3914 aut
552 3850 650 3915 latuit
671 3855 727 3915 aut
744 3852 825 3916 male
843 3857 952 3934 spreta
970 3859 1027 3918 est.
1045 3853 1140 3919 Nunc
1156 3855 1289 3920 eandem
1307 3878 1393 3921 com·

273 3958 404 4021 mandat
431 3957 627 4022 Schmidtius
656 3957 768 4039 Krit„
787 3957 895 4023 Stud.
924 3983 999 4042 pag.
1028 3962 1096 4040 225,
1124 3962 1180 4042 qui
1200 3985 1304 4027 meam
1324 3984 1392 4028 esse

272 4064 449 4145 ignorat.
479 4063 679 4129 coniecturis
707 4065 791 4128 euim
818 4088 915 4147 quam
940 4067 1091 4133 conviciis
1113 4091 1186 4134 curn
1207 4071 1275 4135 viro
1297 4071 1392 4135 docto

274 4174 396 4235 certare
417 4171 511 4236 malo.
