3166 5002
812 603 851 666 82

313 788 522 854 Plutarchum
552 790 617 853 iam
643 789 759 871 legisse
780 792 979 867 εὐγενεστάτη
1001 789 1075 854 inde
1095 812 1249 873 apparere
1270 792 1397 858 videtur

274 899 360 979 quod
380 918 445 961 non
466 901 593 960 tantum
613 897 647 960 in
670 897 736 960 vita
757 895 923 972 Demetrii,
945 896 1000 960 sed
1022 897 1118 960 etiam
1139 896 1242 962 bisin
1263 897 1397 963 Morali-

272 1003 331 1067 bus
362 1002 408 1067 ita
439 1003 596 1083 scriptum
627 1006 741 1066 exstat.
769 1000 990 1066 Nihilominus
1017 1001 1050 1066 in
1077 1002 1116 1066 lr.
1145 1004 1201 1067 741
1233 1004 1281 1068 bis
1309 1010 1397 1070 recte

272 1110 358 1194 apud
379 1109 513 1174 eundem
535 1109 656 1190 legitur
772 1105 773 1108 '

472 1222 585 1294 λάμπει
606 1222 663 1296 γὰρ
684 1221 715 1274 έν
736 1222 883 1295 χρείαισιν
906 1219 1000 1295 ὥσπερ
1022 1218 1210 1296 εὐπρεπὴς

470 1327 590 1400 χοιλκὸς
610 1327 670 1381 κτέ.

273 1430 371 1496 semel
391 1452 465 1494 vero
487 1433 623 1512 apparet
641 1429 724 1493 falsa
745 1429 842 1493 lectio
863 1432 996 1507 εὐγενής.
1018 1427 1179 1510 Quidquid
1200 1436 1308 1496 autem
1330 1438 1393 1498 sta⁶

272 1536 424 1601 tuendum
446 1539 494 1599 est
516 1536 554 1600 de
573 1535 755 1610 Plutarcho,
774 1535 881 1600 nullus
900 1535 1012 1599 dubito
1032 1535 1110 1616 quin
1126 1536 1195 1617 ipse
1217 1537 1394 1620 Sophocles

275 1643 454 1724 scripserit:

470 1753 631 1829 χῶτανπερ
653 1752 747 1826 αὐτῆς
767 1751 1057 1828 εὐπρεπεστάτη
1084 1750 1178 1829 φανῇ.

273 1856 319 1921 Of.
348 1856 465 1921 Aesch.
494 1856 581 1920 Pers,
611 1858 677 1921 180.
710 1855 798 1938 Sept.
833 1857 881 1920 99.
916 1855 992 1919 Eur.
1017 1855 1089 1939 lph.
1120 1858 1195 1921 Aul.
1225 1859 1292 1923 386.
1324 1859 1392 1924 822.

274 1963 394 2028 Hecub.
412 1963 480 2027 269.
501 1966 637 2041 Εὐγενής
655 1964 741 2028 enim
761 1964 799 2028 de
820 1967 952 2027 externa
972 1963 1077 2044 specie
1098 1964 1138 2027 ab
1158 1965 1395 2045 antiquioribus
1431 2005 1435 2014 .

270 2073 386 2137 saltem
406 2092 471 2135 non
492 2071 617 2134 dicitur.

271 2283 324 2348 Fr.
344 2283 586 2350 DOOXXXVH
607 2288 769 2364 Βρνδεῐοι
790 2289 846 2363 μὲν
866 2290 924 2364 γὰρ
945 2289 976 2342 έν
997 2290 1111 2361 λόγοισι
1133 2288 1282 2363 προσβολὴ

603 2396 690 2469 μόλις
711 2395 748 2449 δι’
770 2395 843 2456 ὠτὸς
864 2392 985 2470 ἔρχεται
1007 2397 1268 2471 τρυπωμένου,
1290 2396 1351 2452 κτέ.

310 2497 507 2561 Dindorfius·
518 2498 611 2561 affert
627 2520 732 2562 meam
750 2499 966 2562 coniecturam
983 2503 1087 2577 βορείου
1106 2502 1138 2562 et
1156 2497 1395 2563 Meinekianam

270 2607 449 2683 ρὐπωρένου.
474 2603 572 2669 Verbi
592 2605 684 2669 notio
701 2605 869 2687 aptissima
887 2609 944 2683 est,
964 2606 1019 2669 sed
1038 2605 1154 2670 haereo
1171 2605 1207 2669 in
1217 2603 1394 2685 Praesenti,

270 2709 326 2772 ubi
355 2715 503 2790 expectes
530 2709 669 2774 Perfecti
696 2711 903 2793 participium
931 2715 1197 2790 ε’ρρυτωρένου
1224 2712 1282 2786 vel,
1308 2712 1394 2792 quod

270 2816 374 2898 magis
395 2817 541 2881 Atticum
563 2818 698 2894 videtur,
726 2822 1003 2897 ε’ρρυτνμένου,
1035 2817 1120 2898 quod
1142 2816 1213 2880 vide
1233 2839 1274 2880 aa
1295 2822 1393 2900 poeta

271 2923 410 2987 admissa
446 2925 614 3003 aphaeresi
648 2925 723 2989 dare
754 2925 906 3006 potuerit.
939 2924 1151 3007 Aphaeresin‚
1182 2944 1246 2988 non
1280 2923 1391 3002 cresin,

270 3032 357 3093 recte
389 3033 529 3094 statuere
560 3030 640 3094 mihi
670 3031 796 3096 videtur
823 3030 1013 3112 Blaydesius
1042 3030 1142 3093 Arist.
1171 3028 1244 3094 Pac.
1272 3029 1330 3092 253
1357 3029 1392 3092 in

270 3139 401 3216 χρῆσθαι
432 3140 527 3216 ἑτέρῳ.
558 3172 597 3179 -
624 3136 739 3202 Paullo
767 3136 896 3220 longius
926 3137 1025 3201 distat
1052 3158 1071 3199 a
1098 3135 1219 3200 tradit-a
1246 3135 1392 3216 lectione,

273 3242 359 3322 quod
386 3241 534 3307 Naberus
559 3266 616 3325 per
636 3243 761 3308 litteras
782 3265 905 3309 mecum
924 3243 1172 3308 communicavit
1192 3245 1282 3321 ρύτου
1303 3249 1393 3302 πλέω.

271 3454 323 3519 Fr.
344 3454 499 3520 DCOLIV
521 3459 612 3515 Μύω
633 3479 666 3515 τε
687 3463 736 3515 κοιλ
758 3461 879 3538 δέδορκα
901 3461 1134 3536 κοὶξοονὶοτονρενιν,

520 3569 609 3622 πλέον
631 3561 800 3643 Φυλέοοονν
821 3566 910 3630 αὐτὸς
931 3565 948 3641 ἣ
972 3561 1180 3643 Φυλέοσομνι.

309 3668 460 3732 Absurde
491 3672 540 3733 est
571 3669 762 3734 observandi
792 3671 876 3734 ratio
903 3673 936 3728 τὸ
965 3673 1059 3748 μύειν,
1086 3692 1144 3734 nec
1173 3668 1236 3733 uisi
1261 3667 1393 3750 pulvere

271 3775 375 3840 coacti
401 3776 510 3840 oculos
531 3777 714 3840 clauserunt
735 3777 882 3841 custodes
901 3777 1048 3842 cadaveri
1064 3776 1228 3859 Polynicis
1248 3775 1393 3859 appositi

270 3883 304 3948 in
324 3884 500 3966 Antigona.
522 3882 658 3948 Videtur
679 3885 755 3949 olim
777 3884 889 3948 fuisse:

519 3992 628 4050 Κλύω
650 4012 682 4050 τε
705 3996 753 4049 κοιλ
776 3994 897 4071 δέδορκεν
920 3995 980 4050 κτέ.

271 4203 322 4268 Fr.
345 4203 591 4270 DCCLXXXXI
613 4212 661 4264 κοιλ
683 4212 739 4265 rav
760 4213 882 4286 νέορτον,
904 4208 940 4272 ές
961 4207 1003 4265 ἔτ’
1025 4209 1152 4271 έοτολος
1174 4209 1272 4283 χιτὼν
