3166 5002
807 546 848 617 46

269 743 330 807 lius
351 740 473 823 aliquid
493 745 654 824 repertum
676 739 783 818 fuerit,
805 739 951 820 equidem
973 743 1067 804 tueor
1083 740 1178 808 βαιός,
1195 742 1232 828 ut
1248 739 1291 802 sit
1309 736 1389 801 exi·

270 870 347 930 guo
370 848 585 926 comitatu,
606 845 873 929 quemadmodum
893 845 977 910 solet
998 845 1162 926 explicari.

271 1059 348 1127 Oed.
368 1060 448 1142 Reg.
471 1061 540 1124 765.
561 1058 637 1124 Oed.
660 1067 721 1124 τῶς
742 1061 779 1117 dr
799 1064 885 1137 μόλοι
907 1061 970 1136 δηύ’
992 1059 1063 1136 ημιν
1084 1063 1114 1116 ἐν
1137 1063 1228 1134 τάχει
1249 1062 1356 1126 ratum

576 1165 639 1231 loc.
661 1171 815 1245 πάρεστιν·
839 1171 920 1224 ἀλλὰ
942 1170 1011 1245 πρὸς
1030 1171 1059 1222 τί
1081 1167 1185 1224 τοῦτ’
1208 1164 1344 1244 §spissam

311 1274 391 1339 Post
408 1277 518 1338 votum
536 1272 612 1351 (πῶς
629 1271 689 1353 ἂν),
707 1293 770 1336 non
788 1273 919 1350 iussum,
936 1271 1073 1338 fortasse
1090 1273 1199 1354 aptius
1215 1270 1389 1336 scribetur:

824 1385 905 1440 erus
927 1383 996 1459 τρὸς
1016 1385 1044 1436 τύ
1066 1381 1172 1438 τοῦδ’
1194 1376 1329 1458 &spissam

272 1513 340 1555 cur
359 1491 434 1554 hoe
454 1489 689 1553 desideras?
719 1486 811 1562 Quod
839 1487 923 1550 enim
951 1486 1111 1568 volgatur,
1139 1486 1300 1568 signifieat
1322 1505 1391 1548 our

270 1599 331 1663 ito
352 1597 490 1662 iubes?

272 1805 348 1874 Oed.
369 1799 450 1890 Regss
472 1808 531 1874 819
832 1813 892 1865 xa)
915 1809 998 1865 τύδ’
1021 1807 1100 1872 ούτις
1120 1811 1214 1872 ἄλλος
1234 1808 1271 1884 ἢν

552 1917 569 1993 η
593 1920 646 1991 ’γὼ
669 1917 700 1973 ’τ
720 1917 839 1992 ἐμαυτῷ
860 1915 947 1973 τάσδ’
969 1920 1042 1992 ἀρὰς
1062 1919 1075 1972 d
1097 1908 1274 1993 τροστιθεὶς.

312 2022 422 2104 Longe
442 2021 552 2086 malim
576 2024 645 2080 ndu
666 2027 713 2098 γύ
720 2043 752 2101 ρ,
772 2023 879 2086 minus
899 2025 1033 2103 propter
1053 2024 1135 2091 τάδε,
1156 2020 1243 2102 quod
1264 2019 1391 2086 defendi

271 2133 380 2212 potest
408 2129 462 2210 (of.
489 2127 654 2193 Nauckius
681 2128 715 2193 in
741 2128 923 2192 novissima·
935 2127 1099 2208 editione),
1122 2149 1219 2208 quam
1239 2127 1314 2208 quia
1334 2149 1391 2191 vo·

273 2234 344 2299 cuia
371 2236 407 2291 ύν
428 2233 586 2298 sententio
606 2227 725 2314 requiri
746 2234 879 2298 videtur.
901 2232 1105 2314 Quapropter
1128 2233 1188 2297 hoo
1207 2233 1338 2314 reposui
1356 2232 1391 2297 iu

272 2341 507 2422 discerptis,
529 2361 603 2422 pag.
624 2342 673 2405 69.
944 2336 946 2340 ’

272 2553 349 2620 Oed.
371 2545 452 2636 R'eg.
473 2555 541 2619 951.
563 2553 640 2619 Oed.
661 2561 690 2612 ri
711 2557 744 2633 μ’
765 2556 919 2633 ε’ξετέμψω
940 2558 1021 2634 δεῦρο
1044 2558 1162 2613 τῶνδε
1183 2558 1345 2632 troparium

312 2659 386 2725 Non
414 2662 497 2724 male
525 2659 765 2725 Heimsoethius
793 2661 897 2726 deleto
919 2664 1010 2720 τῶνδε
1032 2661 1167 2726 coniecit
1189 2664 1270 2740 δεῦρο
1290 2663 1390 2738 δωμά-

273 2787 332 2826 των
357 2772 454 2847 repor-
476 2766 558 2842 Quid
578 2789 651 2832 vero
673 2766 781 2832 obstat
802 2768 973 2848 quominus
993 2768 1155 2833 lenissime
1176 2768 1391 2850 corrigamus:

475 2879 503 2930 ri
525 2876 558 2951 μ’
579 2875 733 2953 ἐξετέμψω
755 2877 836 2954 δεῦρο
857 2878 965 2934 τόνδε
986 2879 1147 2953 &optram

273 3003 330 3045 me
361 3001 474 3062 quem
505 2980 632 3054 vides,
663 2982 700 3044 ut
731 2990 780 3045 est
810 2980 894 3046 infra
921 2982 979 3046 968
1006 2986 1064 3058 ἐγὼ
1090 2983 1116 3041 δ’
1137 2985 1184 3041 ὅδε
1205 2986 1237 3046 et
1264 2981 1392 3063 saepius

274 3089 374 3154 olibi?
398 3089 467 3153 Hoc
488 3088 565 3153 olim
586 3089 739 3172 proposui
756 3089 790 3152 in
808 3089 882 3154 edit.
900 3111 979 3168 mea,
999 3111 1073 3171 pag.
1091 3091 1159 3153 152.
1177 3088 1239 3154 Sed
1256 3089 1392 3154 fortasse

273 3199 418 3278 praestat
438 3201 473 3253 rt
494 3197 527 3254 δ’
555 3231 577 3240 -
607 3198 725 3254 τόνδε.
747 3195 792 3260 cf.
814 3193 927 3260 Trnoh.
948 3197 1008 3260 305
1028 3200 1060 3261 et
1082 3198 1169 3263 1013.

275 3408 350 3475 Oed.
370 3409 450 3492 Reg.
472 3410 530 3474 917
552 3412 622 3469 ἀλλ’
644 3415 707 3468 ἐστὶ
729 3415 781 3468 τού
801 3416 1001 3490 λέγοντος,
1023 3416 1048 3468 εἱ
1068 3409 1184 3491 φόβους
1200 3417 1292 3486 λέγοι.

313 3515 434 3580 Iniuria
447 3539 497 3582 me
507 3517 610 3582 iudice
620 3517 674 3582 hio
684 3538 792 3582 versus
803 3516 996 3581 sollicitatur
1006 3541 1025 3582 a
1035 3516 1184 3583 Nauokio
1196 3522 1229 3582 et
1239 3516 1392 3614 Meirlero.

274 3622 459 3688 Formulum
487 3630 540 3683 τοῦ
563 3631 702 3700 λέγοντος
722 3626 796 3683 εἶναι
816 3645 948 3705 prorsus
970 3625 1138 3690 confirmat
1158 3622 1393 3706 Aristophanes

274 3729 334 3809 Eq.
356 3729 416 3793 860
436 3733 478 3807 μη
501 3736 554 3788 τοῦ
575 3735 714 3806 λέγοντος
736 3732 813 3793 ἴσθι..

275 3939 350 4006 Oed.
371 3939 451 4024 Reg.
475 3943 553 4007 1036
576 3945 645 4002 ὥστ’
669 3945 841 4022 ooopertus
861 3947 894 4002 ἐκ
915 3946 1015 4021 τύχης
1036 3945 1149 4021 ταύτης
1170 3948 1206 4010 ὃς
1227 3945 1265 4002 εἴ.
1327 3985 1331 3993 -

314 4046 429 4129 Inepte
446 4049 588 4114 abundat
605 4055 635 4116 ὃς
651 4053 685 4120 εἶ,
697 4050 783 4131 quod
793 4049 900 4131 ipsum
910 4050 1049 4132 permire
1059 4051 1176 4115 dieitur
1186 4073 1245 4133 pro
1257 4055 1288 4116 ὃς
1299 4057 1394 4110 καλεῖ.

275 4155 404 4220 Conieoi
431 4161 544 4236 ταύτης
570 4179 613 4234 γε
642 4163 694 4217 σύ.
726 4157 872 4222 Ceterum
900 4157 971 4222 fieri
998 4161 1107 4239 potest
1137 4162 1174 4223 ut
1203 4157 1256 4222 hio
1286 4179 1394 4222 versus
