<?xml version="1.0" encoding="UTF-8"?>
<!DOCTYPE html PUBLIC "-//W3C//DTD XHTML 1.0 Transitional//EN"
    "http://www.w3.org/TR/xhtml1/DTD/xhtml1-transitional.dtd">
<html xmlns="http://www.w3.org/1999/xhtml" xml:lang="en" lang="en">
 <head>
  <title>
</title>
<meta http-equiv="Content-Type" content="text/html;charset=utf-8" />
  <meta name='ocr-system' content='tesseract 3.04.00' />
  <meta name='ocr-capabilities' content='ocr_page ocr_carea ocr_par ocr_line ocrx_word'/>
</head>
<body>
  <div class='ocr_page' id='page_1' title='image "./lucubrationesso00herwgoog_0049.png"; bbox 0 0 3166 5002; ppageno 0'>
   <div class='ocr_carea' id='block_1_1' title="bbox 793 524 833 588">
    <p class='ocr_par' dir='ltr' id='par_1_1' title="bbox 793 524 833 588">
     <span class='ocr_line' id='line_1_1' title="bbox 793 524 833 588; baseline -0.025 0"><span class='ocrx_word' id='word_1_1' title='bbox 793 524 833 588; x_wconf 85' lang='lat'>42</span> 
     </span>
    </p>
   </div>
   <div class='ocr_carea' id='block_1_2' title="bbox 412 700 1155 1214">
    <p class='ocr_par' dir='ltr' id='par_1_2' title="bbox 413 700 1085 1001">
     <span class='ocr_line' id='line_1_2' title="bbox 414 700 1080 791; baseline 0.005 -25"><span class='ocrx_word' id='word_1_2' title='bbox 414 716 492 771; x_wconf 76' lang='grc' dir='ltr'><em>ποῖος</em></span> <span class='ocrx_word' id='word_1_3' title='bbox 512 700 663 787; x_wconf 68' lang='grc' dir='ltr'>Κιθαιρὼν</span> <span class='ocrx_word' id='word_1_4' title='bbox 684 711 753 786; x_wconf 82' lang='grc' dir='ltr'>οὐχὶ</span> <span class='ocrx_word' id='word_1_5' title='bbox 775 708 939 791; x_wconf 81' lang='grc' dir='ltr'><em>σύμφωνος</em></span> <span class='ocrx_word' id='word_1_6' title='bbox 958 715 1080 787; x_wconf 71' lang='grc' dir='ltr'><em>γόοις,</em></span> 
     </span>
     <span class='ocr_line' id='line_1_3' title="bbox 413 816 1085 894; baseline 0.003 -21"><span class='ocrx_word' id='word_1_7' title='bbox 413 817 484 873; x_wconf 73' lang='grc' dir='ltr'><em>ὅταν</em></span> <span class='ocrx_word' id='word_1_8' title='bbox 505 816 650 892; x_wconf 72' lang='grc' dir='ltr'><em>κοιτοι1σθμ</em></span> <span class='ocrx_word' id='word_1_9' title='bbox 672 819 722 872; x_wconf 83' lang='grc' dir='ltr'>τὸν</span> <span class='ocrx_word' id='word_1_10' title='bbox 745 818 892 894; x_wconf 84' lang='grc' dir='ltr'><em>ὑμένοιον,</em></span> <span class='ocrx_word' id='word_1_11' title='bbox 914 821 945 875; x_wconf 80' lang='grc' dir='ltr'>ὃν</span> <span class='ocrx_word' id='word_1_12' title='bbox 967 822 1085 875; x_wconf 73' lang='grc' dir='ltr'><em>πάλαι</em></span> 
     </span>
     <span class='ocr_line' id='line_1_4' title="bbox 413 924 1064 1001; baseline 0.003 -22"><span class='ocrx_word' id='word_1_13' title='bbox 413 925 538 1000; x_wconf 64' lang='lat' dir='ltr'>dropace</span> <span class='ocrx_word' id='word_1_14' title='bbox 559 927 761 991; x_wconf 77' lang='grc' dir='ltr'><em>εΙοένολενοοις,</em></span> <span class='ocrx_word' id='word_1_15' title='bbox 783 924 922 988; x_wconf 72' lang='grc' dir='ltr'>εὐπλοίας</span> <span class='ocrx_word' id='word_1_16' title='bbox 943 930 1064 1001; x_wconf 58' lang='lat' dir='ltr'>roxum</span> 
     </span>
    </p>

    <p class='ocr_par' dir='ltr' id='par_1_3' title="bbox 412 1031 1155 1214">
     <span class='ocr_line' id='line_1_5' title="bbox 412 1031 1126 1108; baseline 0.004 -22"><span class='ocrx_word' id='word_1_17' title='bbox 412 1036 459 1086; x_wconf 88' lang='grc' dir='ltr'>λοι</span> <span class='ocrx_word' id='word_1_18' title='bbox 467 1033 547 1106; x_wconf 78' lang='grc' dir='ltr'>χών</span> <span class='ocrx_word' id='word_1_19' title='bbox 570 1032 601 1087; x_wconf 78' lang='grc' dir='ltr'>δὲ</span> <span class='ocrx_word' id='word_1_20' title='bbox 623 1032 733 1108; x_wconf 70' lang='grc' dir='ltr'><em>πλῆθος</em></span> <span class='ocrx_word' id='word_1_21' title='bbox 754 1031 805 1088; x_wconf 81' lang='grc' dir='ltr'>οὐκ</span> <span class='ocrx_word' id='word_1_22' title='bbox 827 1034 995 1089; x_wconf 62' lang='lat' dir='ltr'>&amp;raucidum</span> <span class='ocrx_word' id='word_1_23' title='bbox 1017 1039 1126 1101; x_wconf 77' lang='grc' dir='ltr'><em>κακῶν,</em></span> 
     </span>
     <span class='ocr_line' id='line_1_6' title="bbox 414 1139 1155 1214; baseline 0.003 -20"><span class='ocrx_word' id='word_1_24' title='bbox 414 1139 480 1194; x_wconf 79' lang='lat' dir='ltr'>a‘lc&#39;</span> <span class='ocrx_word' id='word_1_25' title='bbox 502 1139 636 1214; x_wconf 78' lang='grc' dir='ltr'><em>ἐξισώσει</em></span> <span class='ocrx_word' id='word_1_26' title='bbox 656 1143 704 1209; x_wconf 77' lang='grc' dir='ltr'>νῷ</span> <span class='ocrx_word' id='word_1_27' title='bbox 726 1145 833 1194; x_wconf 74' lang='lat' dir='ltr'>rouel</span> <span class='ocrx_word' id='word_1_28' title='bbox 851 1142 912 1194; x_wconf 77' lang='lat' dir='ltr'>aul</span> <span class='ocrx_word' id='word_1_29' title='bbox 934 1145 1014 1202; x_wconf 81' lang='grc' dir='ltr'><em>σοῖς</em></span> <span class='ocrx_word' id='word_1_30' title='bbox 1035 1145 1155 1203; x_wconf 78' lang='grc' dir='ltr'><em>τέκνοις.</em></span> 
     </span>
    </p>
   </div>
   <div class='ocr_carea' id='block_1_3' title="bbox 213 1241 1376 3140">
    <p class='ocr_par' dir='ltr' id='par_1_4' title="bbox 213 1241 1376 3140">
     <span class='ocr_line' id='line_1_7' title="bbox 251 1241 1374 1324; baseline 0.003 -19"><span class='ocrx_word' id='word_1_31' title='bbox 251 1241 284 1305; x_wconf 93' lang='lat' dir='ltr'>in</span> <span class='ocrx_word' id='word_1_32' title='bbox 317 1241 430 1305; x_wconf 89' lang='lat' dir='ltr'>ultimo</span> <span class='ocrx_word' id='word_1_33' title='bbox 462 1263 554 1306; x_wconf 85' lang='lat' dir='ltr'>versu</span> <span class='ocrx_word' id='word_1_34' title='bbox 582 1241 753 1323; x_wconf 91' lang='lat' dir='ltr'>probatam</span> <span class='ocrx_word' id='word_1_35' title='bbox 781 1242 945 1324; x_wconf 90' lang='lat' dir='ltr'>plerisque</span> <span class='ocrx_word' id='word_1_36' title='bbox 972 1241 1114 1308; x_wconf 82' lang='lat' dir='ltr'>Nauclrii</span> <span class='ocrx_word' id='word_1_37' title='bbox 1141 1245 1374 1309; x_wconf 79' lang='lat' dir='ltr'>correctionem</span> 
     </span>
     <span class='ocr_line' id='line_1_8' title="bbox 251 1347 1374 1416; baseline 0.004 -4"><span class='ocrx_word' id='word_1_38' title='bbox 251 1351 338 1413; x_wconf 87' lang='lat' dir='ltr'>recte</span> <span class='ocrx_word' id='word_1_39' title='bbox 365 1352 501 1412; x_wconf 88' lang='lat' dir='ltr'>secutus.</span> <span class='ocrx_word' id='word_1_40' title='bbox 525 1347 614 1412; x_wconf 90' lang='lat' dir='ltr'>Bene</span> <span class='ocrx_word' id='word_1_41' title='bbox 636 1349 674 1412; x_wconf 89' lang='lat' dir='ltr'>de</span> <span class='ocrx_word' id='word_1_42' title='bbox 695 1348 757 1412; x_wconf 91' lang='lat' dir='ltr'>hoc</span> <span class='ocrx_word' id='word_1_43' title='bbox 778 1349 848 1414; x_wconf 85' lang='lat' dir='ltr'>loco</span> <span class='ocrx_word' id='word_1_44' title='bbox 870 1347 1085 1414; x_wconf 85' lang='lat' dir='ltr'>Schmidtium</span> <span class='ocrx_word' id='word_1_45' title='bbox 1104 1351 1259 1416; x_wconf 88' lang='lat' dir='ltr'>meruisse</span> <span class='ocrx_word' id='word_1_46' title='bbox 1279 1373 1374 1416; x_wconf 91' lang='lat' dir='ltr'>nemo</span> 
     </span>
     <span class='ocr_line' id='line_1_9' title="bbox 252 1453 1375 1538; baseline 0.004 -21"><span class='ocrx_word' id='word_1_47' title='bbox 252 1453 345 1518; x_wconf 88' lang='lat' dir='ltr'>facile</span> <span class='ocrx_word' id='word_1_48' title='bbox 365 1453 509 1534; x_wconf 76' lang='lat' dir='ltr'>negabit,</span> <span class='ocrx_word' id='word_1_49' title='bbox 531 1475 605 1517; x_wconf 91' lang='lat' dir='ltr'>nam</span> <span class='ocrx_word' id='word_1_50' title='bbox 625 1458 698 1531; x_wconf 68' lang='grc' dir='ltr'><em>βοῆς</em></span> <span class='ocrx_word' id='word_1_51' title='bbox 718 1489 759 1498; x_wconf 90' lang='grc'>-</span> <span class='ocrx_word' id='word_1_52' title='bbox 778 1461 855 1533; x_wconf 71' lang='grc' dir='ltr'>μέλη</span> <span class='ocrx_word' id='word_1_53' title='bbox 868 1459 912 1519; x_wconf 80' lang='lat' dir='ltr'>‘et</span> <span class='ocrx_word' id='word_1_54' title='bbox 933 1459 1042 1532; x_wconf 71' lang='grc' dir='ltr'><em>λαχὼν</em></span> <span class='ocrx_word' id='word_1_55' title='bbox 1066 1457 1238 1521; x_wconf 82' lang='lat' dir='ltr'><strong>admodum</strong></span> <span class='ocrx_word' id='word_1_56' title='bbox 1256 1457 1375 1538; x_wconf 90' lang='lat' dir='ltr'>proba-</span> 
     </span>
     <span class='ocr_line' id='line_1_10' title="bbox 252 1561 1374 1643; baseline 0.003 -18"><span class='ocrx_word' id='word_1_57' title='bbox 252 1561 333 1625; x_wconf 77' lang='lat' dir='ltr'>biles</span> <span class='ocrx_word' id='word_1_58' title='bbox 354 1566 428 1627; x_wconf 90' lang='lat' dir='ltr'>sunt</span> <span class='ocrx_word' id='word_1_59' title='bbox 449 1562 660 1627; x_wconf 90' lang='lat' dir='ltr'>coniecturae.</span> <span class='ocrx_word' id='word_1_60' title='bbox 679 1561 815 1642; x_wconf 78' lang='lat' dir='ltr'>Reliqua</span> <span class='ocrx_word' id='word_1_61' title='bbox 834 1583 909 1627; x_wconf 84' lang='lat' dir='ltr'>vero</span> <span class='ocrx_word' id='word_1_62' title='bbox 926 1563 1105 1627; x_wconf 81' lang='lat' dir='ltr'>tentamina</span> <span class='ocrx_word' id='word_1_63' title='bbox 1124 1567 1199 1628; x_wconf 87' lang='lat' dir='ltr'>sunt</span> <span class='ocrx_word' id='word_1_64' title='bbox 1210 1564 1374 1643; x_wconf 88' lang='lat' dir='ltr'>eiusmodi,</span> 
     </span>
     <span class='ocr_line' id='line_1_11' title="bbox 213 1667 1375 1754; baseline 0.003 -23"><span class='ocrx_word' id='word_1_65' title='bbox 213 1680 219 1689; x_wconf 87' lang='grc'><em>“</em></span> <span class='ocrx_word' id='word_1_66' title='bbox 252 1671 288 1731; x_wconf 95' lang='lat' dir='ltr'>ut</span> <span class='ocrx_word' id='word_1_67' title='bbox 314 1689 518 1748; x_wconf 88' lang='lat' dir='ltr'>nequaquam</span> <span class='ocrx_word' id='word_1_68' title='bbox 537 1667 667 1751; x_wconf 92' lang='lat' dir='ltr'>probari</span> <span class='ocrx_word' id='word_1_69' title='bbox 688 1668 882 1752; x_wconf 84' lang='lat' dir='ltr'>possemihi</span> <span class='ocrx_word' id='word_1_70' title='bbox 903 1669 1081 1733; x_wconf 82' lang='lat' dir='ltr'>rideantur.</span> <span class='ocrx_word' id='word_1_71' title='bbox 1102 1667 1188 1735; x_wconf 88' lang='lat' dir='ltr'>Nam</span> <span class='ocrx_word' id='word_1_72' title='bbox 1208 1670 1242 1734; x_wconf 93' lang='lat' dir='ltr'>in</span> <span class='ocrx_word' id='word_1_73' title='bbox 1263 1670 1375 1754; x_wconf 88' lang='lat' dir='ltr'>primis</span> 
     </span>
     <span class='ocr_line' id='line_1_12' title="bbox 251 1774 1376 1858; baseline 0.002 -19"><span class='ocrx_word' id='word_1_74' title='bbox 251 1775 404 1853; x_wconf 86' lang='lat' dir='ltr'>versibus,</span> <span class='ocrx_word' id='word_1_75' title='bbox 425 1775 492 1840; x_wconf 86' lang='lat' dir='ltr'>sive</span> <span class='ocrx_word' id='word_1_76' title='bbox 513 1774 655 1856; x_wconf 88' lang='lat' dir='ltr'>priorem</span> <span class='ocrx_word' id='word_1_77' title='bbox 675 1775 741 1839; x_wconf 82' lang='lat' dir='ltr'>sive</span> <span class='ocrx_word' id='word_1_78' title='bbox 758 1776 981 1858; x_wconf 79' lang='lat' dir='ltr'>posteriorem,</span> <span class='ocrx_word' id='word_1_79' title='bbox 999 1798 1081 1857; x_wconf 87' lang='lat' dir='ltr'>quae</span> <span class='ocrx_word' id='word_1_80' title='bbox 1098 1776 1184 1841; x_wconf 88' lang='lat' dir='ltr'>iusto</span> <span class='ocrx_word' id='word_1_81' title='bbox 1204 1777 1376 1842; x_wconf 88' lang='lat' dir='ltr'>violentior</span> 
     </span>
     <span class='ocr_line' id='line_1_13' title="bbox 252 1881 1375 1968; baseline 0.003 -22"><span class='ocrx_word' id='word_1_82' title='bbox 252 1886 310 1960; x_wconf 89' lang='lat' dir='ltr'>est,</span> <span class='ocrx_word' id='word_1_83' title='bbox 327 1882 519 1968; x_wconf 86' lang='lat' dir='ltr'>adoptamus</span> <span class='ocrx_word' id='word_1_84' title='bbox 538 1881 764 1957; x_wconf 91' lang='lat' dir='ltr'>coniecturam,</span> <span class='ocrx_word' id='word_1_85' title='bbox 784 1883 911 1947; x_wconf 88' lang='lat' dir='ltr'>laborat</span> <span class='ocrx_word' id='word_1_86' title='bbox 923 1884 1007 1948; x_wconf 88' lang='lat' dir='ltr'>ratio</span> <span class='ocrx_word' id='word_1_87' title='bbox 1023 1885 1210 1967; x_wconf 83' lang='lat' dir='ltr'>syntectica,</span> <span class='ocrx_word' id='word_1_88' title='bbox 1228 1884 1375 1965; x_wconf 88' lang='lat' dir='ltr'>quando-</span> 
     </span>
     <span class='ocr_line' id='line_1_14' title="bbox 253 1988 1375 2072; baseline 0.005 -20"><span class='ocrx_word' id='word_1_89' title='bbox 253 1988 379 2070; x_wconf 90' lang='lat' dir='ltr'>quidem</span> <span class='ocrx_word' id='word_1_90' title='bbox 408 2010 512 2069; x_wconf 91' lang='lat' dir='ltr'>neque</span> <span class='ocrx_word' id='word_1_91' title='bbox 541 1990 624 2047; x_wconf 77' lang='grc' dir='ltr'><strong><em>ἔσται</em></strong></span> <span class='ocrx_word' id='word_1_92' title='bbox 652 1992 843 2070; x_wconf 90' lang='lat' dir='ltr'>usurpatum</span> <span class='ocrx_word' id='word_1_93' title='bbox 867 1990 901 2054; x_wconf 93' lang='lat' dir='ltr'>in</span> <span class='ocrx_word' id='word_1_94' title='bbox 921 1991 1030 2072; x_wconf 90' lang='lat' dir='ltr'>priore</span> <span class='ocrx_word' id='word_1_95' title='bbox 1051 2013 1145 2057; x_wconf 85' lang='lat' dir='ltr'>versu</span> <span class='ocrx_word' id='word_1_96' title='bbox 1166 1993 1375 2058; x_wconf 88' lang='lat' dir='ltr'>existendi</span> 
     </span>
     <span class='ocr_line' id='line_1_15' title="bbox 252 2095 1375 2180; baseline 0.005 -21"><span class='ocrx_word' id='word_1_97' title='bbox 252 2095 385 2160; x_wconf 86' lang='lat' dir='ltr'>notione</span> <span class='ocrx_word' id='word_1_98' title='bbox 404 2095 439 2160; x_wconf 94' lang='lat' dir='ltr'>in</span> <span class='ocrx_word' id='word_1_99' title='bbox 460 2096 608 2176; x_wconf 86' lang='lat' dir='ltr'>sequenti</span> <span class='ocrx_word' id='word_1_100' title='bbox 628 2099 736 2160; x_wconf 88' lang='lat' dir='ltr'>mente</span> <span class='ocrx_word' id='word_1_101' title='bbox 756 2097 858 2180; x_wconf 90' lang='lat' dir='ltr'>repeti</span> <span class='ocrx_word' id='word_1_102' title='bbox 876 2101 985 2178; x_wconf 87' lang='lat' dir='ltr'>potest·</span> <span class='ocrx_word' id='word_1_103' title='bbox 1003 2103 1039 2162; x_wconf 92' lang='lat' dir='ltr'>ut</span> <span class='ocrx_word' id='word_1_104' title='bbox 1060 2099 1192 2164; x_wconf 87' lang='lat' dir='ltr'>verbum</span> <span class='ocrx_word' id='word_1_105' title='bbox 1210 2099 1375 2179; x_wconf 80' lang='lat' dir='ltr'>auxiliare,</span> 
     </span>
     <span class='ocr_line' id='line_1_16' title="bbox 251 2201 1374 2287; baseline 0.004 -21"><span class='ocrx_word' id='word_1_106' title='bbox 251 2224 355 2283; x_wconf 90' lang='lat' dir='ltr'>neque</span> <span class='ocrx_word' id='word_1_107' title='bbox 374 2201 504 2267; x_wconf 91' lang='lat' dir='ltr'>omnino</span> <span class='ocrx_word' id='word_1_108' title='bbox 523 2224 563 2266; x_wconf 63' lang='lat' dir='ltr'>ex,</span> <span class='ocrx_word' id='word_1_109' title='bbox 580 2205 738 2261; x_wconf 78' lang='grc' dir='ltr'><em>οκούοετοι</em></span> <span class='ocrx_word' id='word_1_110' title='bbox 757 2203 954 2284; x_wconf 83' lang='lat' dir='ltr'>cogitatione</span> <span class='ocrx_word' id='word_1_111' title='bbox 972 2204 1090 2269; x_wconf 84' lang='lat' dir='ltr'>assumi</span> <span class='ocrx_word' id='word_1_112' title='bbox 1108 2210 1217 2287; x_wconf 88' lang='lat' dir='ltr'>potest</span> <span class='ocrx_word' id='word_1_113' title='bbox 1227 2207 1261 2270; x_wconf 90' lang='lat' dir='ltr'>in</span> <span class='ocrx_word' id='word_1_114' title='bbox 1273 2206 1374 2271; x_wconf 89' lang='lat' dir='ltr'>altero</span> 
     </span>
     <span class='ocr_line' id='line_1_17' title="bbox 250 2309 1375 2394; baseline 0.001 -20"><span class='ocrx_word' id='word_1_115' title='bbox 250 2333 344 2375; x_wconf 88' lang='lat' dir='ltr'>versu</span> <span class='ocrx_word' id='word_1_116' title='bbox 371 2311 465 2369; x_wconf 74' lang='grc' dir='ltr'><strong><em>ἔσται.</em></strong></span> <span class='ocrx_word' id='word_1_117' title='bbox 493 2309 559 2375; x_wconf 85' lang='lat' dir='ltr'>Fac</span> <span class='ocrx_word' id='word_1_118' title='bbox 586 2314 693 2374; x_wconf 89' lang='lat' dir='ltr'>autem</span> <span class='ocrx_word' id='word_1_119' title='bbox 714 2312 865 2392; x_wconf 83' lang='lat' dir='ltr'>syntaxin</span> <span class='ocrx_word' id='word_1_120' title='bbox 887 2310 1040 2376; x_wconf 81' lang='lat' dir='ltr'>Graecam</span> <span class='ocrx_word' id='word_1_121' title='bbox 1061 2311 1144 2376; x_wconf 88' lang='lat' dir='ltr'>hanc</span> <span class='ocrx_word' id='word_1_122' title='bbox 1165 2316 1282 2394; x_wconf 88' lang='lat' dir='ltr'>poetae</span> <span class='ocrx_word' id='word_1_123' title='bbox 1303 2335 1375 2394; x_wconf 90' lang='lat' dir='ltr'>per·</span> 
     </span>
     <span class='ocr_line' id='line_1_18' title="bbox 252 2413 1375 2499; baseline 0 -17"><span class='ocrx_word' id='word_1_124' title='bbox 252 2418 375 2482; x_wconf 84' lang='lat' dir='ltr'>misisse</span> <span class='ocrx_word' id='word_1_125' title='bbox 395 2418 568 2496; x_wconf 89' lang='lat' dir='ltr'>licentiam,</span> <span class='ocrx_word' id='word_1_126' title='bbox 590 2418 640 2482; x_wconf 86' lang='lat' dir='ltr'>vel</span> <span class='ocrx_word' id='word_1_127' title='bbox 661 2418 707 2483; x_wconf 89' lang='lat' dir='ltr'>sic</span> <span class='ocrx_word' id='word_1_128' title='bbox 728 2441 855 2483; x_wconf 85' lang='lat' dir='ltr'>versum</span> <span class='ocrx_word' id='word_1_129' title='bbox 877 2427 955 2483; x_wconf 74' lang='grc' dir='ltr'><em>ποῖος</em></span> <span class='ocrx_word' id='word_1_130' title='bbox 975 2413 1126 2498; x_wconf 71' lang='grc' dir='ltr'>Κιθαιρὼν</span> <span class='ocrx_word' id='word_1_131' title='bbox 1147 2423 1208 2476; x_wconf 83' lang='grc' dir='ltr'><em>κτέ.</em></span> <span class='ocrx_word' id='word_1_132' title='bbox 1229 2418 1375 2499; x_wconf 85' lang='lat' dir='ltr'>intellegi</span> 
     </span>
     <span class='ocr_line' id='line_1_19' title="bbox 251 2523 1375 2608; baseline -0.001 -18"><span class='ocrx_word' id='word_1_133' title='bbox 251 2547 346 2608; x_wconf 90' lang='lat' dir='ltr'>posse</span> <span class='ocrx_word' id='word_1_134' title='bbox 366 2525 571 2590; x_wconf 89' lang='lat' dir='ltr'>vehementer</span> <span class='ocrx_word' id='word_1_135' title='bbox 591 2547 685 2606; x_wconf 86' lang='lat' dir='ltr'>nego.</span> <span class='ocrx_word' id='word_1_136' title='bbox 708 2523 802 2589; x_wconf 87' lang='lat' dir='ltr'>Mons</span> <span class='ocrx_word' id='word_1_137' title='bbox 825 2525 918 2605; x_wconf 89' lang='lat' dir='ltr'>enim,</span> <span class='ocrx_word' id='word_1_138' title='bbox 942 2523 1205 2607; x_wconf 62' lang='lat' dir='ltr'>quippet&#39;gbuvoa</span> <span class='ocrx_word' id='word_1_139' title='bbox 1226 2525 1305 2590; x_wconf 89' lang='lat' dir='ltr'>nulli</span> <span class='ocrx_word' id='word_1_140' title='bbox 1329 2525 1375 2589; x_wconf 93' lang='lat' dir='ltr'>rei</span> 
     </span>
     <span class='ocr_line' id='line_1_20' title="bbox 251 2631 1375 2716; baseline -0.002 -16"><span class='ocrx_word' id='word_1_141' title='bbox 251 2656 310 2712; x_wconf 89' lang='lat' dir='ltr'>nec</span> <span class='ocrx_word' id='word_1_142' title='bbox 330 2654 485 2716; x_wconf 88' lang='lat' dir='ltr'>personae</span> <span class='ocrx_word' id='word_1_143' title='bbox 506 2631 671 2713; x_wconf 79' lang='grc' dir='ltr'><em>σύμφωνος</em></span> <span class='ocrx_word' id='word_1_144' title='bbox 688 2631 751 2697; x_wconf 82' lang='grc' dir='ltr'>(1ίοὶ</span> <span class='ocrx_word' id='word_1_145' title='bbox 768 2636 885 2714; x_wconf 83' lang='lat' dir='ltr'>potest.</span> <span class='ocrx_word' id='word_1_146' title='bbox 904 2631 1026 2696; x_wconf 82' lang='lat' dir='ltr'>Sonam</span> <span class='ocrx_word' id='word_1_147' title='bbox 1043 2632 1171 2713; x_wconf 90' lang='lat' dir='ltr'>quidem</span> <span class='ocrx_word' id='word_1_148' title='bbox 1190 2634 1375 2715; x_wconf 80' lang='lat' dir='ltr'>repercutit</span> 
     </span>
     <span class='ocr_line' id='line_1_21' title="bbox 251 2737 1376 2820; baseline -0.002 -14"><span class='ocrx_word' id='word_1_149' title='bbox 251 2741 307 2806; x_wconf 89' lang='lat' dir='ltr'>sed</span> <span class='ocrx_word' id='word_1_150' title='bbox 334 2740 396 2805; x_wconf 93' lang='lat' dir='ltr'>hoc</span> <span class='ocrx_word' id='word_1_151' title='bbox 421 2739 541 2805; x_wconf 82' lang='lat' dir='ltr'>Graece</span> <span class='ocrx_word' id='word_1_152' title='bbox 563 2739 680 2804; x_wconf 90' lang='lat' dir='ltr'>dicitur</span> <span class='ocrx_word' id='word_1_153' title='bbox 700 2746 855 2818; x_wconf 69' lang='grc' dir='ltr'><em>ἀντηχεῖν,</em></span> <span class='ocrx_word' id='word_1_154' title='bbox 876 2761 942 2803; x_wconf 95' lang='lat' dir='ltr'>non</span> <span class='ocrx_word' id='word_1_155' title='bbox 964 2737 1148 2820; x_wconf 80' lang='grc' dir='ltr'><em>συμφωνεῖν,</em></span> <span class='ocrx_word' id='word_1_156' title='bbox 1170 2743 1206 2803; x_wconf 87' lang='lat' dir='ltr'>ut</span> <span class='ocrx_word' id='word_1_157' title='bbox 1226 2740 1376 2804; x_wconf 82' lang='lat' dir='ltr'>arbitror.</span> 
     </span>
     <span class='ocr_line' id='line_1_22' title="bbox 252 2845 1376 2926; baseline -0.002 -15"><span class='ocrx_word' id='word_1_158' title='bbox 252 2847 344 2924; x_wconf 81' lang='lat' dir='ltr'>Quod</span> <span class='ocrx_word' id='word_1_159' title='bbox 372 2869 447 2912; x_wconf 86' lang='lat' dir='ltr'>vero</span> <span class='ocrx_word' id='word_1_160' title='bbox 474 2867 538 2910; x_wconf 92' lang='lat' dir='ltr'>non</span> <span class='ocrx_word' id='word_1_161' title='bbox 567 2845 672 2908; x_wconf 91' lang='lat' dir='ltr'>minus</span> <span class='ocrx_word' id='word_1_162' title='bbox 700 2867 797 2926; x_wconf 83' lang='lat' dir='ltr'>grave</span> <span class='ocrx_word' id='word_1_163' title='bbox 825 2849 884 2921; x_wconf 89' lang='lat' dir='ltr'>est,</span> <span class='ocrx_word' id='word_1_164' title='bbox 911 2846 977 2909; x_wconf 93' lang='lat' dir='ltr'>imo</span> <span class='ocrx_word' id='word_1_165' title='bbox 998 2845 1045 2909; x_wconf 87' lang='lat' dir='ltr'>rei</span> <span class='ocrx_word' id='word_1_166' title='bbox 1066 2848 1173 2924; x_wconf 88' lang='lat' dir='ltr'>caput,</span> <span class='ocrx_word' id='word_1_167' title='bbox 1200 2867 1376 2926; x_wconf 91' lang='lat' dir='ltr'>numquam</span> 
     </span>
     <span class='ocr_line' id='line_1_23' title="bbox 250 2949 1376 3034; baseline -0.002 -18"><span class='ocrx_word' id='word_1_168' title='bbox 250 2950 393 3034; x_wconf 89' lang='lat' dir='ltr'>Oedipus</span> <span class='ocrx_word' id='word_1_169' title='bbox 421 2950 646 3016; x_wconf 81' lang='lat' dir='ltr'>Cithaeronem</span> <span class='ocrx_word' id='word_1_170' title='bbox 669 2950 781 3028; x_wconf 89' lang='lat' dir='ltr'>adibit,</span> <span class='ocrx_word' id='word_1_171' title='bbox 809 2954 844 3013; x_wconf 90' lang='lat' dir='ltr'>ut</span> <span class='ocrx_word' id='word_1_172' title='bbox 865 2950 1037 3014; x_wconf 87' lang='lat' dir='ltr'>eiulatibus</span> <span class='ocrx_word' id='word_1_173' title='bbox 1059 2949 1124 3014; x_wconf 89' lang='lat' dir='ltr'>suis</span> <span class='ocrx_word' id='word_1_174' title='bbox 1146 2953 1297 3029; x_wconf 90' lang='lat' dir='ltr'>montem,</span> <span class='ocrx_word' id='word_1_175' title='bbox 1320 2949 1376 3014; x_wconf 86' lang='lat' dir='ltr'>ubi</span> 
     </span>
     <span class='ocr_line' id='line_1_24' title="bbox 251 3055 1376 3140; baseline -0.002 -17"><span class='ocrx_word' id='word_1_176' title='bbox 251 3058 416 3140; x_wconf 82' lang='lat' dir='ltr'>expositus</span> <span class='ocrx_word' id='word_1_177' title='bbox 443 3057 514 3136; x_wconf 88' lang='lat' dir='ltr'>fuit,</span> <span class='ocrx_word' id='word_1_178' title='bbox 543 3059 687 3140; x_wconf 89' lang='lat' dir='ltr'>impleat,</span> <span class='ocrx_word' id='word_1_179' title='bbox 715 3058 770 3122; x_wconf 91' lang='lat' dir='ltr'>sed</span> <span class='ocrx_word' id='word_1_180' title='bbox 796 3058 830 3121; x_wconf 94' lang='lat' dir='ltr'>in</span> <span class='ocrx_word' id='word_1_181' title='bbox 856 3057 917 3121; x_wconf 89' lang='lat' dir='ltr'>hac</span> <span class='ocrx_word' id='word_1_182' title='bbox 943 3055 1053 3121; x_wconf 82' lang='lat' dir='ltr'>fabula</span> <span class='ocrx_word' id='word_1_183' title='bbox 1081 3056 1201 3121; x_wconf 83' lang='lat' dir='ltr'>Thebis</span> <span class='ocrx_word' id='word_1_184' title='bbox 1222 3058 1376 3137; x_wconf 88' lang='lat' dir='ltr'>manebit,</span> 
     </span>
    </p>
   </div>
   <div class='ocr_carea' id='block_1_4' title="bbox 141 3164 1378 3249">
    <p class='ocr_par' dir='ltr' id='par_1_5' title="bbox 141 3164 1378 3249">
     <span class='ocr_line' id='line_1_25' title="bbox 141 3164 1378 3249; baseline -0.001 -20"><span class='ocrx_word' id='word_1_185' title='bbox 141 3244 144 3249; x_wconf 87' lang='lat'>.</span> <span class='ocrx_word' id='word_1_186' title='bbox 252 3166 335 3230; x_wconf 90' lang='lat' dir='ltr'>unde</span> <span class='ocrx_word' id='word_1_187' title='bbox 361 3187 401 3230; x_wconf 88' lang='lat' dir='ltr'>ne</span> <span class='ocrx_word' id='word_1_188' title='bbox 423 3166 581 3248; x_wconf 89' lang='lat' dir='ltr'>rugientis</span> <span class='ocrx_word' id='word_1_189' title='bbox 602 3164 720 3246; x_wconf 85' lang='lat' dir='ltr'>quiden</span> <span class='ocrx_word' id='word_1_190' title='bbox 739 3164 842 3229; x_wconf 91' lang='lat' dir='ltr'>leonis</span> <span class='ocrx_word' id='word_1_191' title='bbox 863 3184 976 3228; x_wconf 91' lang='lat' dir='ltr'>sonum</span> <span class='ocrx_word' id='word_1_192' title='bbox 999 3167 1141 3228; x_wconf 89' lang='lat' dir='ltr'>montem</span> <span class='ocrx_word' id='word_1_193' title='bbox 1162 3164 1258 3246; x_wconf 88' lang='lat' dir='ltr'>longe</span> <span class='ocrx_word' id='word_1_194' title='bbox 1284 3164 1378 3228; x_wconf 86' lang='lat' dir='ltr'>dissi-</span> 
     </span>
    </p>
   </div>
   <div class='ocr_carea' id='block_1_5' title="bbox 232 3259 1376 3991">
    <p class='ocr_par' dir='ltr' id='par_1_6' title="bbox 232 3259 1090 3354">
     <span class='ocr_line' id='line_1_26' title="bbox 232 3259 1090 3354; baseline -0.001 -18"><span class='ocrx_word' id='word_1_195' title='bbox 232 3259 321 3336; x_wconf 64' lang='lat' dir='ltr'>&#39;tum</span> <span class='ocrx_word' id='word_1_196' title='bbox 341 3277 474 3354; x_wconf 87' lang='lat' dir='ltr'>tangere</span> <span class='ocrx_word' id='word_1_197' title='bbox 495 3293 589 3352; x_wconf 87' lang='lat' dir='ltr'>posse</span> <span class='ocrx_word' id='word_1_198' title='bbox 610 3270 724 3352; x_wconf 91' lang='lat' dir='ltr'>ecquid</span> <span class='ocrx_word' id='word_1_199' title='bbox 742 3279 823 3353; x_wconf 89' lang='lat' dir='ltr'>opus</span> <span class='ocrx_word' id='word_1_200' title='bbox 843 3276 891 3336; x_wconf 89' lang='lat' dir='ltr'>est</span> <span class='ocrx_word' id='word_1_201' title='bbox 908 3269 1090 3335; x_wconf 78' lang='lat' dir='ltr'>affirmare?</span> 
     </span>
    </p>

    <p class='ocr_par' dir='ltr' id='par_1_7' title="bbox 233 3377 1376 3869">
     <span class='ocr_line' id='line_1_27' title="bbox 291 3377 1376 3458; baseline -0.001 -17"><span class='ocrx_word' id='word_1_202' title='bbox 291 3377 379 3458; x_wconf 83' lang='lat' dir='ltr'>Ergo</span> <span class='ocrx_word' id='word_1_203' title='bbox 400 3377 482 3442; x_wconf 92' lang='lat' dir='ltr'>nihil</span> <span class='ocrx_word' id='word_1_204' title='bbox 504 3399 542 3442; x_wconf 88' lang='lat' dir='ltr'>ex</span> <span class='ocrx_word' id='word_1_205' title='bbox 563 3400 635 3441; x_wconf 85' lang='lat' dir='ltr'>mea</span> <span class='ocrx_word' id='word_1_206' title='bbox 655 3377 784 3458; x_wconf 91' lang='lat' dir='ltr'>quidem</span> <span class='ocrx_word' id='word_1_207' title='bbox 806 3377 965 3442; x_wconf 87' lang='lat' dir='ltr'>sententia</span> <span class='ocrx_word' id='word_1_208' title='bbox 985 3381 1034 3441; x_wconf 91' lang='lat' dir='ltr'>est</span> <span class='ocrx_word' id='word_1_209' title='bbox 1055 3377 1172 3440; x_wconf 88' lang='lat' dir='ltr'>certius</span> <span class='ocrx_word' id='word_1_210' title='bbox 1194 3398 1289 3457; x_wconf 90' lang='lat' dir='ltr'>quam</span> <span class='ocrx_word' id='word_1_211' title='bbox 1310 3398 1376 3441; x_wconf 87' lang='lat' dir='ltr'>non</span> 
     </span>
     <span class='ocr_line' id='line_1_28' title="bbox 233 3479 1376 3572; baseline 0 -24"><span class='ocrx_word' id='word_1_212' title='bbox 233 3487 378 3572; x_wconf 83' lang='lat' dir='ltr'>tantum</span> <span class='ocrx_word' id='word_1_213' title='bbox 401 3489 504 3563; x_wconf 66' lang='grc' dir='ltr'><em>λιμήν,</em></span> <span class='ocrx_word' id='word_1_214' title='bbox 526 3483 580 3548; x_wconf 91' lang='lat' dir='ltr'>sed</span> <span class='ocrx_word' id='word_1_215' title='bbox 603 3485 700 3548; x_wconf 89' lang='lat' dir='ltr'>etiam</span> <span class='ocrx_word' id='word_1_216' title='bbox 720 3479 871 3564; x_wconf 72' lang='grc' dir='ltr'>Κιθαιρών</span> <span class='ocrx_word' id='word_1_217' title='bbox 894 3487 1037 3548; x_wconf 89' lang='lat' dir='ltr'>veterum</span> <span class='ocrx_word' id='word_1_218' title='bbox 1058 3483 1265 3548; x_wconf 91' lang='lat' dir='ltr'>librariorum</span> <span class='ocrx_word' id='word_1_219' title='bbox 1286 3484 1376 3548; x_wconf 92' lang='lat' dir='ltr'>incu-</span> 
     </span>
     <span class='ocr_line' id='line_1_29' title="bbox 249 3587 1376 3672; baseline 0.002 -20"><span class='ocrx_word' id='word_1_220' title='bbox 249 3589 299 3653; x_wconf 91' lang='lat' dir='ltr'>ria</span> <span class='ocrx_word' id='word_1_221' title='bbox 320 3611 388 3654; x_wconf 90' lang='lat' dir='ltr'>esse</span> <span class='ocrx_word' id='word_1_222' title='bbox 409 3587 630 3671; x_wconf 85' lang='lat' dir='ltr'>depravatum.</span> <span class='ocrx_word' id='word_1_223' title='bbox 648 3588 800 3672; x_wconf 86' lang='lat' dir='ltr'>Suspicor</span> <span class='ocrx_word' id='word_1_224' title='bbox 818 3594 925 3655; x_wconf 89' lang='lat' dir='ltr'>autem</span> <span class='ocrx_word' id='word_1_225' title='bbox 945 3589 1139 3672; x_wconf 88' lang='lat' dir='ltr'>Sophoclem</span> <span class='ocrx_word' id='word_1_226' title='bbox 1157 3589 1215 3653; x_wconf 88' lang='lat' dir='ltr'>sub</span> <span class='ocrx_word' id='word_1_227' title='bbox 1233 3588 1376 3654; x_wconf 83' lang='lat' dir='ltr'>Tiresiae</span> 
     </span>
     <span class='ocr_line' id='line_1_30' title="bbox 249 3696 1376 3780; baseline 0.001 -21"><span class='ocrx_word' id='word_1_228' title='bbox 249 3716 387 3780; x_wconf 88' lang='lat' dir='ltr'>persona</span> <span class='ocrx_word' id='word_1_229' title='bbox 404 3696 629 3778; x_wconf 89' lang='lat' dir='ltr'>respicientem</span> <span class='ocrx_word' id='word_1_230' title='bbox 646 3696 794 3762; x_wconf 88' lang='lat' dir='ltr'>ultimam</span> <span class='ocrx_word' id='word_1_231' title='bbox 805 3697 899 3761; x_wconf 86' lang='lat' dir='ltr'>huius</span> <span class='ocrx_word' id='word_1_232' title='bbox 910 3697 1039 3762; x_wconf 87' lang='lat' dir='ltr'>fabulae</span> <span class='ocrx_word' id='word_1_233' title='bbox 1050 3701 1176 3779; x_wconf 90' lang='lat' dir='ltr'>partem</span> <span class='ocrx_word' id='word_1_234' title='bbox 1188 3697 1280 3777; x_wconf 81' lang='lat'>(1184</span> <span class='ocrx_word' id='word_1_235' title='bbox 1293 3699 1376 3777; x_wconf 80' lang='lat' dir='ltr'>sqq.)</span> 
     </span>
     <span class='ocr_line' id='line_1_31' title="bbox 251 3804 993 3869; baseline -0.009 -2"><span class='ocrx_word' id='word_1_236' title='bbox 251 3804 390 3869; x_wconf 80' lang='lat' dir='ltr'>dedisse:</span> <span class='ocrx_word' id='word_1_237' title='bbox 992 3821 993 3824; x_wconf 44' lang='lat'>¹</span> 
     </span>
    </p>

    <p class='ocr_par' dir='ltr' id='par_1_8' title="bbox 450 3913 1216 3991">
     <span class='ocr_line' id='line_1_32' title="bbox 450 3913 1216 3991; baseline 0.004 -22"><span class='ocrx_word' id='word_1_238' title='bbox 450 3914 525 3989; x_wconf 63' lang='grc' dir='ltr'><em>βοῆς</em></span> <span class='ocrx_word' id='word_1_239' title='bbox 546 3913 577 3969; x_wconf 80' lang='grc' dir='ltr'>δὲ</span> <span class='ocrx_word' id='word_1_240' title='bbox 602 3918 656 3989; x_wconf 70' lang='grc' dir='ltr'>τῆς</span> <span class='ocrx_word' id='word_1_241' title='bbox 677 3919 732 3989; x_wconf 69' lang='grc' dir='ltr'>σῆς</span> <span class='ocrx_word' id='word_1_242' title='bbox 752 3913 829 3969; x_wconf 74' lang='grc' dir='ltr'>ποῖ’</span> <span class='ocrx_word' id='word_1_243' title='bbox 850 3913 901 3990; x_wconf 76' lang='lat' dir='ltr'>a&#39;p‘</span> <span class='ocrx_word' id='word_1_244' title='bbox 922 3914 974 3971; x_wconf 81' lang='grc' dir='ltr'>οὐκ</span> <span class='ocrx_word' id='word_1_245' title='bbox 996 3913 1079 3970; x_wconf 75' lang='grc' dir='ltr'><strong><em>ἔσται</em></strong></span> <span class='ocrx_word' id='word_1_246' title='bbox 1101 3918 1216 3991; x_wconf 70' lang='grc' dir='ltr'><em>μέλη,</em></span> 
     </span>
    </p>
   </div>
   <div class='ocr_carea' id='block_1_6' title="bbox 446 4013 1159 4203">
    <p class='ocr_par' dir='ltr' id='par_1_9' title="bbox 446 4013 1159 4203">
     <span class='ocr_line' id='line_1_33' title="bbox 446 4013 1159 4100; baseline -0.001 -22"><span class='ocrx_word' id='word_1_247' title='bbox 446 4016 533 4085; x_wconf 57' lang='grc' dir='ltr'><em>τοῖός</em></span> <span class='ocrx_word' id='word_1_248' title='bbox 552 4013 759 4098; x_wconf 66' lang='grc' dir='ltr'><em>θ’έτοι1μων</em></span> <span class='ocrx_word' id='word_1_249' title='bbox 782 4021 851 4096; x_wconf 76' lang='grc' dir='ltr'><em>οὐχὶ</em></span> <span class='ocrx_word' id='word_1_250' title='bbox 873 4019 1036 4100; x_wconf 82' lang='grc' dir='ltr'><em>σύμφωνος</em></span> <span class='ocrx_word' id='word_1_251' title='bbox 1055 4024 1159 4095; x_wconf 78' lang='grc' dir='ltr'><em>γόος,</em></span> 
     </span>
     <span class='ocr_line' id='line_1_34' title="bbox 454 4127 1135 4203; baseline -0.003 -19"><span class='ocrx_word' id='word_1_252' title='bbox 454 4127 525 4184; x_wconf 74' lang='grc' dir='ltr'><em>ὅταν</em></span> <span class='ocrx_word' id='word_1_253' title='bbox 551 4128 696 4203; x_wconf 73' lang='grc' dir='ltr'><em>κατοι1σθμ</em></span> <span class='ocrx_word' id='word_1_254' title='bbox 718 4129 768 4183; x_wconf 83' lang='grc' dir='ltr'>τὸν</span> <span class='ocrx_word' id='word_1_255' title='bbox 790 4127 936 4203; x_wconf 74' lang='grc' dir='ltr'><em>ὑμέναιον,</em></span> <span class='ocrx_word' id='word_1_256' title='bbox 958 4129 988 4183; x_wconf 81' lang='grc' dir='ltr'>ὃν</span> <span class='ocrx_word' id='word_1_257' title='bbox 1011 4129 1135 4190; x_wconf 72' lang='grc' dir='ltr'><em>τέλος</em></span> 
     </span>
    </p>
   </div>
   <div class='ocr_carea' id='block_1_7' title="bbox 0 0 1588 5002">
    <p class='ocr_par' dir='ltr' id='par_1_10' title="bbox 0 0 1588 5002">
     <span class='ocr_line' id='line_1_35' title="bbox 0 0 1588 5002; baseline 0 0"><span class='ocrx_word' id='word_1_258' title='bbox 0 0 1588 5002; x_wconf 95' lang='lat' dir='ltr'> </span> 
     </span>
    </p>
   </div>
  </div>
 </body>
</html>
