3166 5002
808 539 846 602 22

298 726 431 791 ¹Parum
460 730 516 790 aut
542 725 624 790 nihil
644 726 886 807 probabilitatis
908 727 1005 791 habet
1026 726 1191 808 Blaydesii
1212 727 1395 793 coniectura

277 838 420 890 πείσαντα
448 835 539 910 δείξαι
560 827 643 892 θέντ’
666 837 726 892 κτέ.
747 833 815 897 Aut
834 832 939 914 fallor,
961 837 1018 896 aut
1039 857 1067 898 v.
1088 834 1147 898 630
1168 834 1318 915 imperite
1337 835 1394 899 fic-

275 943 327 1002 tus
356 943 404 1002 est
431 939 472 1002 ab
498 939 693 1021 impolatore
719 941 759 1004 ad
787 939 935 1022 exempla
963 965 990 1005 v.
1010 942 1070 1006 609
1092 943 1182 1020 ἔδειξ’
1204 944 1345 1018 Ἀχαιοῖς
1365 947 1395 1008 ἐς

276 1051 366 1124 μέσον
389 1049 420 1110 et
442 1068 469 1109 v.
492 1046 551 1109 616
573 1049 631 1105 τὸν.
644 1049 725 1126 ἄνδρ’
747 1049 889 1124 Ἀχαιοῖς
909 1051 992 1106 τόνδε
1014 1051 1160 1126 δηλώσειν
1181 1052 1273 1125 cyon.

317 1150 387 1226 Quo
410 1174 502 1216 versu
524 1151 637 1232 deleto,
657 1153 803 1234 suspicor
824 1157 953 1236 poetam
975 1154 1156 1235 scripsisse:

477 1260 593 1317 Οὔκουν
615 1262 691 1328 ταδ’,
714 1262 734 1317 ὦ
758 1269 820 1329 παί,
841 1264 922 1318 δεινοί
943 1264 994 1318 τὸν
1016 1263 1162 1340 Λαερτίου

478 1368 524 1445 ἔμ’
546 1371 665 1424 ἐλπίσαι
691 1372 872 1437 <πείσειν>
898 1359 1012 1444 λόγοισι
1034 1363 1216 1447 μαλθακοίς,

275 1474 294 1538 i.
314 1496 339 1538 e.
359 1474 461 1532 οὔκουν
473 1476 564 1542 δεινοί,
576 1477 626 1531 τὸν
637 1477 783 1553 Λαερτίου
794 1479 913 1533 ἐλπίσαι
926 1481 1036 1533 πείσειν
1047 1480 1098 1553 ἐμὲ
1111 1478 1183 1534 τάδε
1195 1475 1230 1556 (i.
1242 1497 1268 1540 e.
1281 1477 1392 1558 ταῦτα)

275 1585 389 1656 λόγοισι
409 1575 590 1658 μαλθακοῖς.
611 1578 791 1644 Notissima
810 1585 859 1644 est
879 1580 1017 1645 formula
1040 1576 1153 1643 πείθειν
1170 1587 1236 1640 τινοί
1255 1602 1293 1653 τι,
1312 1602 1394 1664 quae

275 1686 416 1750 librariis
452 1707 567 1767 parum
597 1684 766 1750 familiaris
800 1688 927 1769 saepius
960 1687 1086 1771 peperit
1117 1688 1393 1770 interpolationes.

274 1791 400 1874 Nempe
420 1796 497 1873 post
513 1797 633 1850 ἐλπίσαι
650 1792 785 1876 proclivi
802 1815 909 1858 errore
926 1793 967 1858 ob
983 1794 1136 1858 ductuum
1154 1793 1394 1859 similitudinem

274 1900 415 1980 perierat
442 1905 562 1967 πείσειν,
590 1902 622 1962 et
649 1903 811 1964 corrector
835 1900 942 1964 nescio
964 1901 1036 1982 quis
1058 1907 1174 1982 poetae
1194 1905 1301 1966 mente
1320 1924 1394 1985 per·

274 2010 385 2088 specta
402 2007 508 2071 locum
525 2027 673 2070 mancum
689 2011 725 2070 ut
742 2007 849 2090 potuit
863 2007 996 2073 sarsisse
1008 2009 1142 2074 videtur.
1153 2008 1335 2075 Pronomen
1346 2013 1393 2069 ὅδε

274 2136 293 2178 a
313 2111 474 2195 Sophocle
491 2135 556 2177 non
574 2135 647 2178 raro
665 2114 704 2176 ad
721 2135 920 2196 praegressa,
939 2113 1022 2181 οὗτος
1039 2119 1151 2180 contra
1168 2117 1208 2180 ad
1226 2116 1393 2197 sequentia

273 2220 386 2285 referri
415 2224 529 2283 notum
549 2223 606 2284 est.
629 2218 675 2284 cf.
698 2221 846 2302 exempla
866 2220 967 2284 multa
988 2223 1074 2303 apud
1093 2223 1296 2308 Dindorfium
1317 2223 1392 2289 Lex.

272 2328 372 2410 Soph.
394 2351 418 2392 s
439 2351 488 2393 vv.

273 2542 411 2607 Philoct.
433 2544 492 2608 660
514 2550 562 2602 καί
584 2548 644 2622 μὴν
666 2549 719 2624 ἐρῶ
732 2532 785 2620 με,
806 2549 857 2602 τόν
879 2548 905 2603 δ’
927 2540 1014 2624 ἔροιθ’
1036 2545 1127 2610 οὕτως
1148 2546 1226 2622 ἔχοι·

515 2653 544 2708 εί
561 2671 622 2728 μοι
644 2646 742 2728 θέμις,
764 2646 920 2730 θέλοιμ’
942 2656 995 2710 ίίν·
1016 2658 1041 2710 εί
1062 2655 1093 2710 δὲ
1114 2655 1180 2730 μή,
1202 2657 1299 2731 ποίρες.

274 2761 361 2836 παρετ
387 2757 421 2819 in
448 2755 507 2820 tali
534 2757 693 2820 sententia
721 2761 833 2838 aptum
860 2779 925 2822 non
953 2780 1021 2823 esse
1048 2758 1166 2822 dudum
1192 2757 1392 2823 intellectum

274 2869 332 2926 est.
353 2863 570 2944 Aptissimum
590 2886 665 2928 vero
688 2865 757 2945 erit,
780 2865 808 2930 si
829 2867 1010 2949 scripseris:

473 2977 498 3028 εί
517 2974 565 3049 μὴ
587 2966 685 3050 θέμις,
707 2974 909 3051 στέργοιμ’
931 2977 984 3031 ίίν·
1005 2979 1030 3031 εί
1050 2977 1091 3042 δέ,
1111 2995 1172 3053 μοι
1194 2980 1290 3053 ποίρες.

273 3097 354 3156 quae
375 3075 556 3157 corrigendi
576 3077 660 3142 ratio
681 3078 883 3159 probabilior
903 3079 1029 3144 videtur
1049 3080 1143 3146 hace:

473 3189 498 3241 εί
517 3189 585 3262 μὲν
607 3179 705 3264 θέμις,
726 3181 844 3263 θέλοιμ’
866 3190 920 3244 ίίν·
941 3193 966 3244 εί
986 3190 1017 3245 δὲ
1038 3192 1090 3266 μή,
1113 3186 1269 3269 φροίσον.

270 3275 359 3370 vquod
380 3290 458 3355 olim
478 3292 644 3372 proposui.
1111 3273 1114 3278 ⁵

271 3503 409 3569 Philocl.
431 3507 489 3570 667
512 3501 633 3586 θαρσει·
655 3513 798 3586 παρέσται
820 3515 915 3567 τοῦτοί
938 3530 982 3568 σοι
1004 3515 1052 3567 καί
1074 3506 1233 3587 θιγγάνειν

512 3620 573 3672 καί
596 3617 700 3673 δόντι
722 3618 851 3675 δοῦναι
874 3619 1126 3696 καξεπεύξασθαι
1148 3622 1260 3698 βροτῶν

512 3729 618 3803 οίρετῆς
640 3725 723 3782 ἕκατι
745 3727 831 3782 τῶνδ’
853 3726 1014 3798 ἐπιψαῦσαι
1035 3730 1132 3802 μόνον.

310 3827 513 3911 Musgravius
535 3829 693 3895 coniciens
715 3837 764 3890 καί
785 3837 913 3910 στόματι
935 3835 1034 3892 δοῦναι
1056 3833 1177 3915 optime
1193 3831 1390 3897 intellexisse

270 3934 395 3998 videtur
414 3935 533 4016 requiri
556 3936 641 4016 quod
662 3937 854 4018 respondeat
875 3937 971 4002 verba
993 3942 1153 4018 προσκύσαι
1176 3939 1284 4020 (ὥσπερ
1305 3935 1389 4020 θεον)

270 4040 303 4104 in
333 4063 522 4124 praegresso
551 4066 578 4107 v.
606 4044 675 4122 656,
704 4043 758 4108 sed
786 4066 889 4125 neque
917 4053 1088 4124 προσκυνεῖν
1115 4046 1200 4110 idem
1227 4051 1276 4111 est
1302 4047 1390 4128 quod

270 4156 376 4217 κυνεῖν,
398 4170 501 4229 neque
522 4151 601 4215 adeo
622 4150 756 4214 ridicula
776 4151 901 4216 ratione
921 4155 1051 4233 poetam
1071 4151 1104 4215 id
1123 4152 1226 4217 dicere
1243 4153 1387 4234 potuisse
