3166 5002
740 558 780 622 47

199 766 272 809 cum
292 765 480 826 praegresso
501 745 543 808 sit
565 746 702 827 spurius,
723 769 804 828 quae
824 745 964 812 Nauckii
985 752 1033 813 est
1054 749 1223 825 sententia,
1244 749 1320 830 quia

198 850 250 914 his
271 851 397 916 omissis
417 851 563 932 intellegi
583 856 692 933 potest
714 875 739 916 v.
762 854 852 920 1037.
871 852 954 917 Vide
974 857 1091 932 tamen,
1112 853 1140 918 si
1159 854 1244 918 tanti
1261 857 1320 933 est,

199 973 281 1038 quae
302 957 342 1021 ad
362 957 394 1022 h.
414 957 436 1021 l.
458 959 611 1023 annotavi
629 959 663 1022 in
685 959 826 1024 editione
847 980 918 1024 mea
938 981 1013 1041 pag.
1034 959 1093 1024 158
1113 981 1161 1040 sq.

151 1178 154 1185 '
200 1170 276 1237 Oed.
298 1171 378 1252 Reg.
400 1172 478 1235 1156
499 1176 549 1230 τὸν
571 1174 650 1231 παῖδ’
674 1173 878 1248 1δωκκςτῷδ’
900 1176 931 1232 ὃν
952 1171 1060 1238 οὗτος
1082 1178 1204 1253 ἱστορεῖς

240 1278 457 1345 Offensionem
476 1277 511 1342 iu
530 1278 593 1342 hoc
614 1300 716 1358 versu,
739 1301 835 1359 quem
852 1278 907 1343 alii
924 1279 1017 1344 aliter
1035 1279 1211 1360 corrigunt,
1228 1279 1321 1345 facil-

199 1385 274 1450 lime
301 1407 466 1451 remoreas
493 1385 647 1449 mutando
670 1384 762 1454 οὖτος,
783 1385 868 1466 quod
890 1385 1025 1467 proclivi
1047 1407 1155 1450 errore
1177 1408 1194 1451 e
1215 1384 1320 1450 verbis

200 1489 283 1556 οὗτος
304 1496 413 1570 ἱστορεῖ
430 1513 458 1556 v.
480 1492 560 1556 1150
581 1491 684 1573 repeti
702 1491 820 1573 potuit,
838 1491 872 1554 in
890 1493 1013 1556 αὐτὸς.
1032 1490 1180 1556 Ceterum
1196 1496 1320 1556 utrum·

200 1620 262 1679 que
283 1620 460 1679 pronomen
481 1620 577 1680 saepe
598 1621 617 1663 a
637 1599 778 1664 librariis
797 1598 951 1664 confundi
971 1604 1084 1665 notum
1102 1603 1159 1665 est.

200 1809 277 1876 Oed.
298 1810 379 1893 Reg.
404 1811 480 1876 1214
501 1809 613 1891 έφῆνρε
634 1814 662 1871 σ’
683 1807 820 1874 ἄκονθ’
844 1818 857 1871 ὸ
879 1807 972 1874 τάνδ’
993 1818 1063 1893 ὀρῶν
1084 1821 1191 1892 χρόνος

374 1925 377 1932 “
499 1920 649 1995 δικάζει
672 1920 700 1975 τ’
721 1921 840 1997 ἰγκμον
862 1924 960 1998 γάρον
983 1924 1102 1978 σάλοι

500 2030 660 2083 τεκνοῦνται
683 2030 744 2082 κκὶ
765 2028 967 2104 τεκνούμενον.

240 2129 304 2196 Pro
333 2126 437 2191 ἄκονθ’
466 2131 544 2196 olim
565 2126 682 2207 ἀγνῶθ’
703 2133 929 2214 corrigendum
950 2155 1019 2198 esse
1040 2131 1158 2211 monui,
1180 2133 1320 2197 sednon

200 2238 328 2302 saniora
348 2242 423 2302 sunt
441 2238 537 2302 verba
554 2241 665 2316 δικάζει
684 2242 716 2303 et
734 2244 837 2298 calar.
857 2239 949 2315 Quod
967 2244 1076 2304 autem
1093 2239 1320 2305 Gleditischius

200 2343 336 2409 coniecit
365 2349 535 2424 δοκάζων
566 2348 685 2423 κ’γκρκσν
715 2351 787 2415 κτέ,
817 2350 854 2409 ut
880 2346 922 2410 sit
950 2350 1085 2415 δοκεύων,
1112 2368 1216 2427 neque
1243 2350 1321 2427 apta

200 2440 327 2517 videtur
352 2452 440 2517 verbi
466 2452 556 2517 notio
584 2474 642 2517 nec
670 2453 849 2534 probabilis
877 2453 990 2530 forma,
1019 2475 1082 2534 qua
1109 2452 1196 2518 solus
1224 2455 1322 2534 poeta

200 2558 327 2624 Siculus
357 2558 508 2642 Sophron
535 2582 611 2624 usus
643 2582 710 2625 esse
740 2560 889 2625 traditur.
921 2558 1035 2625 Potius
1064 2560 1164 2624 latere
1193 2559 1320 2623 videtur
1409 2563 1411 2570 '

201 2665 430 2747 τιφκύσκει,
453 2689 516 2747 quo
536 2667 627 2748 epioo
645 2666 742 2732 verbo
764 2667 891 2750 saepius
911 2689 986 2731 usus
1008 2670 1056 2730 est
1075 2664 1266 2747 Aeschylus,
1288 2668 1320 2728 ct

200 2771 259 2836 sub
278 2777 371 2830 σκλκο
387 2771 568 2838 interiectio
588 2781 693 2841 raa-al,
711 2795 794 2854 quae
811 2772 845 2837 in
860 2772 972 2837 dolore
990 2771 1199 2854 significando
1218 2771 1320 2836 omni-

199 2880 259 2944 bus
290 2880 421 2962 tragicis
452 2879 623 2944 familiaris
655 2883 712 2944 est.
743 2879 884 2944 Tandem
916 2885 1013 2958 γάμος
1044 2884 1164 2940 τεκνοῦν
1191 2877 1319 2960 quidem

199 2985 336 3050 fortasse
358 2985 419 3050 dici
438 2986 555 3069 potuit,
577 2986 633 3051 sed
653 2986 741 3050 nullo
761 2985 857 3051 modo
879 2989 1060 3054 τεκνοῦσθαι,
1081 2985 1164 3048 unde
1186 2993 1320 3049 consen·

199 3096 331 3156 taneum
363 3096 415 3156 'est
436 3097 619 3173 utrumque
650 3092 857 3176 participium
887 3093 1049 3175 pertinere
1079 3091 1120 3156 ad
1150 3089 1319 3172 Oedipum.

201 3197 307 3274 Quare
327 3199 432 3266 locum
454 3200 500 3264 sic
521 3199 694 3282 temptavi:

321 3304 434 3386 ἐφῇνρέ
455 3309 482 3365 σ’
504 3306 614 3388 (ἓφνρνέ
634 3308 662 3365 σ’
685 3304 787 3382 Gled.)
811 3308 952 3382 ἀγνῶθ’
974 3311 987 3364 δ
1006 3298 1099 3365 τάνδ’
1117 3309 1188 3382 δρῶν
1204 3307 1319 3382 χρόνος,

321 3411 536 3493 πιφαύσκεο
557 3415 584 3470 τ’
606 3416 725 3491 ἄγορον
747 3416 856 3492 γάμον,
878 3419 1016 3470 carel·

321 3527 481 3577 τεκνοῦντκ
503 3523 567 3577 τὸν
588 3521 790 3596 τεκνούμενον.

240 3624 431 3706 Ignotum
458 3628 498 3689 te
525 3624 687 3689 invenit
714 3622 819 3704 quod
844 3620 978 3687 omnia
998 3620 1109 3684 videt
1130 3617 1319 3702 Tempus,

201 3730 468 3810 ostenditque
494 3733 671 3794 taetrum
700 3727 1018 3807 matrimonium,
1046 3747 1132 3804 vae;
1153 3725 1320 3807 gignen-

201 3841 278 3902 tem
300 3837 501 3920 ganitum,
522 3837 543 3901 i.
565 3858 592 3900 a.
613 3835 646 3899 in
669 3858 732 3917 quo
754 3836 875 3900 liberos
896 3837 1046 3916 procreat
1066 3855 1082 3897 a
1103 3835 1206 3896 matre
1226 3830 1320 3895 filius.

201 4047 278 4115 Oed.
300 4030 381 4133 Bag.
403 4051 482 4115 1290
503 4055 541 4116 ὡς
562 4054 594 4108 ε’κ
616 4042 731 4126 χθονὸς
750 4048 841 4126 placa
863 4051 977 4116 ἑκυτόν,
999 4049 1059 4107 οὐδ’
1081 4048 1124 4106 ἔτι

501 4163 597 4233 μενῶν
619 4157 717 4232 δόμοις
737 4161 846 4234 οὶρκῖος,
868 4158 912 4218 ὡς
932 4157 1074 4233 ἠράσσετο.
