3166 5002
771 580 842 684 178

259 768 391 834 licentia
417 773 532 849 poetae
555 789 620 831 non
648 769 783 831 utuntur
811 767 874 831 nisi
896 766 1084 849 cogentibus
1104 765 1252 845 numeris
1275 762 1380 838 Quare

259 876 314 941 hio
333 899 443 942 verum
466 899 533 940 esse
555 875 714 956 suspicor:
745 959 746 964 η

422 985 482 1042 οὔτ’
504 989 517 1042 ε’
526 987 585 1058 στ’
607 987 805 1062 ἐπομβρῶο
827 983 888 1041 οὔτ’
911 986 1116 1076 έποιυχμήοοις
1137 979 1235 1061 Φίλος.

261 1143 314 1209 Fr,
337 1143 415 1208 DIX
436 1141 578 1224 ΤεῦκροΣ
599 1148 630 1203 δὲ
651 1147 763 1222 πύξου
785 1147 948 1223 χρώμενοΣ
971 1140 1117 1222 Φειδωλάοι

278 1245 279 1248 “
442 1253 511 1331 ὑπὲρ
533 1249 650 1331 τάφρου
672 1255 824 1329 caldaras
845 1252 969 1329 ἔστησεν
989 1253 1117 1330 Φρύγιος.

301 1358 381 1423 Cum
408 1365 527 1419 Ιοτάνοι
548 1359 708 1440 significet
729 1358 895 1436 sistere,
917 1378 1119 1438 nequaquam
1139 1355 1295 1436 intellego
1318 1377 1381 1436 quo

261 1469 358 1547 pacto
381 1465 502 1530 Teucer
522 1488 618 1547 parce
635 1471 727 1529 utens
747 1463 876 1546 sagittis
894 1463 1019 1528 efficere
1036 1461 1180 1545 potuerit
1197 1465 1233 1524 ut
1251 1460 1383 1525 Troiani

261 1557 503 1656 supersilientes
531 1574 596 1636 iam
622 1576 798 1637 castrorum
829 1571 1022 1635 Graecorum
1048 1569 1168 1634 fossam
1194 1568 1234 1632 ab
1254 1568 1383 1650 incepto

262 1681 461 1756 desisterent,
492 1701 567 1743 nam
596 1663 758 1759 expectari
785 1679 889 1759 ipsum
920 1675 1115 1742 contrarium
1143 1676 1196 1739 vix
1224 1697 1306 1757 opus
1335 1679 1384 1739 est

262 1787 375 1851 dicere.
398 1785 480 1862 Quia
502 1808 575 1850 vero
596 1786 740 1851 inaudita
761 1786 958 1867 synaloephe
977 1785 1154 1866 corrigeres
1171 1787 1256 1861 τόξου
1278 1784 1383 1852 <οῡ>

262 1898 425 1972 χρώμενος,
445 1891 528 1956 nihil
550 1892 636 1957 aliud
658 1895 768 1970 restat,
791 1914 887 1972 quam
907 1894 943 1955 ut
963 1891 1068 1956 locum
1082 1882 1384 1967 emendemusscri·

262 1998 382 2063 bendo:

442 2107 583 2185 ΤεάκροΤ
605 2109 636 2164 δὲ
658 2109 735 2184 τόξ’
758 2108 797 2165 οὑ
818 2107 981 2185 χρωμέοοΤ
1003 2105 1151 2183 percauta

442 2214 511 2291 ὑπὲρ
533 2211 650 2291 τάφρου
672 2215 830 2290 anteimus
851 2213 975 2299 torquear
997 2215 1125 2291 Φρύγιος.

303 2316 444 2382 Litterae
471 2321 607 2378 ΤΟΞΟΤ
634 2342 705 2383 cum
734 2319 816 2383 male
847 2319 1033 2383 coniunctae
1061 2320 1175 2393 essent,
1199 2317 1383 2397 genetivum

263 2425 297 2488 in
318 2425 552 2489 nominativum
574 2426 723 2508 imperite
744 2425 882 2489 mutavit
903 2425 1060 2490 librarius

261 2586 313 2650 Fr.
338 2584 464 2650 DXVH
486 2592 538 2645 νῦν
560 2590 586 2645 δ’
609 2589 691 2645 οὐδέν
712 2594 771 2665 ειμι
792 2593 894 2667 χωρίς,
919 2591 999 2646 άλλά
1021 2592 1167 2652 πολλάκις

489 2694 603 2766 ἔβλεψα
625 2697 720 2771 ποιάπψ
743 2697 798 2772 τὴν
819 2699 991 2770 γυνάικείοιο
1015 2692 1109 2774 Φύσιν

491 2803 529 2864 ὡς
550 2802 632 2858 οὐδέν
653 2805 743 2878 ἐσμεν
764 2806 824 2859 art.

304 2905 500 2970 Schmidtius
521 2928 595 2988 pag.
616 2907 676 2970 265
697 2929 743 2988 sq.
766 2907 844 2972 haec
867 2908 963 2973 verba
983 2910 1029 2973 sic
1048 2909 1222 2991 refingens:

410 3072 411 3078 ς
491 3018 543 3071 νῦν
565 3015 590 3071 δ’
613 3016 646 3071 οὑ
666 3017 755 3093 δίειμι
776 3036 842 3073 οεω
850 3022 888 3095 pe
896 3037 925 3085 ς,
948 3021 1029 3074 άλλά
1051 3019 1198 3081 πολλάκις

491 3122 604 3199 ἐ’ψεξοι
628 3124 723 3200 ταύτῃ
746 3127 807 3181 art.

264 3251 360 3310 quam
389 3233 502 3310 aptum
528 3229 570 3291 sit
590 3235 692 3309 νεωρές
712 3228 819 3309 (verns
840 3233 989 3294 accentus
1011 3233 1059 3294 est
1079 3227 1205 3309 νεῶρες),
1227 3251 1383 3308 reeens,

262 3335 333 3418 ipse
361 3335 492 3411 viderit;
517 3335 571 3398 sed
597 3335 772 3417 disputanti
802 3339 913 3400 contra
942 3335 1166 3417 Gomperzium
1195 3359 1327 3417 prorsus
1355 3335 1384 3401 ei

264 3442 422 3506 assentior
449 3446 536 3506 recte
557 3441 713 3506 Cobetum
735 3443 937 3523 quaesivisse,
961 3444 1046 3524 quod
1068 3449 1143 3526 apte
1164 3447 1384 3526 opponeretur

262 3550 367 3615 verbis
389 3550 596 3632 sequentibus
617 3557 698 3609 άλλοι
721 3555 867 3617 πολλάκις
888 3556 948 3610 art.

304 3655 424 3721 Contra
441 3678 511 3721 cum
535 3655 727 3739 Gomperzio
745 3659 859 3732 ἔβλεψα
877 3681 991 3722 sanum
1008 3645 1195 3725 essecredo.
1211 3657 1290 3722 Cum
1307 3657 1384 3738 quid

263 3764 474 3845 praecesserit
493 3765 669 3844 ignoretur,
688 3787 813 3847 semper
831 3767 1002 3831 admodum
1019 3767 1141 3830 incerta
1160 3765 1302 3829 manebit
1319 3765 1384 3848 pri-

263 3893 389 3935 morum
410 3871 579 3935 verborum
601 3873 791 3936 emendatio.
813 3873 894 3936 Mihi
917 3875 1002 3938 venit
1022 3873 1054 3936 in
1075 3879 1230 3938 mentem:
1307 3900 1311 3909 ·

375 4004 378 4009 ·
490 3980 528 4037 οὐ
550 3985 614 4038 νῦν
636 3983 669 4038 δ’
692 3985 728 4038 έν
751 3984 840 4058 ἡμῖν
861 3985 963 4060 χωρίς,
986 3986 1067 4039 άλλά
1089 3988 1235 4048 πολλάκις

490 4086 605 4159 ἔβλεψοι
629 4090 754 4168 κάλλη
776 4091 832 4166 τὴν
852 4094 1025 4164 γυοιιικεὶοοο
1047 4086 1151 4168 φύσιν,

491 4195 530 4258 ὡς
551 4195 633 4252 οὐδέν
654 4199 742 4274 ἐσμεν
763 4200 823 4254 κπέ.
