3166 5002
737 529 777 594 39

198 715 284 782 Nam
305 715 333 780 si
353 719 440 780 recte
461 715 529 780 eius
546 694 688 781 mentem
704 716 866 798 perspicio
885 713 996 796 (qnam
1015 714 1176 782 declarare
1196 714 1321 782 videtur

199 823 384 906 appositum
406 821 625 904 interrogandi
649 821 802 903 signum),
823 821 990 904 usurpavit
1012 822 1069 880 olor
1091 822 1147 886 ubi
1168 822 1322 888 sermonis

198 929 380 1012 proprietas
400 927 585 1008 requirebat
606 935 694 986 τοῖον.
716 927 843 1011 Quippe
865 928 922 986 olor
941 927 1147 992 exclamantis
1165 931 1222 1008 est,
1244 937 1324 986 ποῖοι

199 1034 354 1116 rogantis,
375 1055 434 1098 nec
453 1033 612 1098 sententia
630 1031 694 1098 lert
712 1034 985 1110 exclamationem,
1004 1033 1080 1114 quia
1092 1032 1322 1113 0111111111-

200 1141 275 1204 dum
292 1139 422 1222 cognito
443 1139 591 1205 Electrae
611 1161 775 1222 response,
795 1140 873 1204 mali
894 1140 1087 1221 gravitatem
1107 1141 1248 1224 ignorat,
1269 1141 1323 1205 se'd

199 1247 322 1328 optime
353 1267 505 1326 quaerere
535 1246 652 1328 potuit,
681 1250 838 1327 quantum
863 1247 942 1312 illud
968 1247 1091 1312 malum
1118 1251 1209 1327 esset,
1237 1249 1324 1328 quod

199 1353 327 1418 Electra
343 1352 486 1417 nondum
503 1353 581 1418 satis
601 1353 684 1418 clare
702 1354 947 1436 significaverat.
967 1351 1057 1428 Quod
1078 1354 1105 1418 si
1121 1355 1169 1419 ita
1186 1358 1243 1432 est,
1257 1375 1323 1418 non
1454 1401 1456 1406 ,

199 1458 308 1540 potuit
328 1457 360 1521 id
382 1457 477 1523 aliter
497 1481 614 1541 rogare
635 1482 731 1541 quam
753 1460 813 1525 sio:

399 1574 459 1632 τοῖς
479 1571 547 1636 τοῦ;
569 1571 683 1624 τόσον
705 1569 784 1625 τοῦτ’
806 1570 991 1645 ἐξεσήμηνας
1012 1572 1118 1637 aaron

199 1672 220 1735 i.
242 1694 268 1736 e.
296 1694 412 1753 quam
438 1671 562 1755 longe
588 1676 705 1754 patet
734 1673 839 1754 quod
866 1673 1128 1756 significasti
1155 1675 1323 1739 malum?

200 1780 333 1861 Semper
361 1779 445 1844 enim
472 1780 593 1844 malum
620 1784 668 1844 est
696 1779 801 1844 vivere
826 1801 899 1844 cum
919 1782 1068 1856 occisore,
1090 1782 1147 1846 sed
1168 1786 1324 1862 quantum

200 1887 251 1962 sit,
278 1885 342 1950 hoc
367 1886 487 1969 pendet
514 1887 554 1950 ab
584 1886 681 1951 occisi
707 1908 844 1968 persona
872 1891 969 1967 atque
998 1888 1192 1954 conditione.
1221 1887 1324 1963 Quam

180 1991 292 2076 ,laoila
316 2014 391 2057 vero
414 2015 452 2057 ex
473 1992 616 2051 llOOON
639 1992 706 2056 lieri
726 1993 836 2074 potuit
858 1995 1014 2053 ΠΟΘΕΝ.

199 2313 302 2378 Eleot.
324 2313 411 2377 1209.
434 2312 487 2377 Or.
509 2313 545 2371 οὔ
568 2311 661 2394 Φημ’
685 2317 817 2371 ἐάσειν.
837 2313 888 2377 El.
908 2316 929 2371 ὦ
951 2319 1100 2373 τάλαιν’
1123 2320 1190 2391 ἐγὼ
1213 2318 1324 2375 σέθεν,

360 2423 496 2499 Ὀρέστα,
518 2428 572 2498 τής
595 2427 649 2498 σής
669 2426 701 2478 εἰ
721 2425 959 2500 στερήσομαι
981 2421 1120 2503 ταφής.

240 2525 451 2592 Schmidtius:
665 2610 667 2615 s

280 2633 332 2698 Or.
356 2640 414 2693 col
436 2633 546 2716 Φήμ’,
569 2635 697 2695 ἔασον.
720 2633 764 2693 αὑ
787 2639 904 2693 τάλιο
926 2641 1039 2711 λέγω,
1060 2637 1179 2713 μέθες.

280 2741 330 2806 El.
355 2742 493 2821 Ὀρέστα,
514 2750 569 2820 τής
590 2749 646 2820 σής
667 2747 727 2800 καὶ
749 2745 930 2820 στερήσομαι
951 2741 1108 2823 τέφρας.

239 2847 361 2913 Prioris
389 2871 498 2912 versus
526 2847 731 2914 difficultates
753 2853 839 2914 recte
859 2850 1025 2932 perspexit
1046 2853 1078 2913 et
1099 2849 1324 2931 peringeniose

199 2977 363 3020 removere
390 2955 513 3021 studuit
541 2957 589 3020 vir
617 2956 830 3033 doctissimus,
852 2957 908 3021 sed
929 2957 1060 3021 omnino
1081 2957 1325 3039 repudiandum,

200 3056 287 3144 quod
304 3063 501 3145 insequenti
520 3064 647 3147 reponit
664 3062 788 3143 τέφρας,
807 3084 871 3145 quo
891 3063 1046 3129 vocabulo
1063 3087 1239 3146 numquam
1257 3070 1324 3130 tra-

200 3168 265 3250 gici
286 3169 332 3232 usi
352 3173 436 3248 sunt,
454 3173 589 3252 excepta
610 3170 795 3252 satyrica
813 3169 978 3251 Euripidis
997 3170 1107 3235 fabula
1124 3170 1272 3254 Cyclope,
1290 3172 1323 3235 in

201 3297 265 3356 qua
286 3299 314 3339 v.
336 3276 392 3340 641
417 3277 455 3341 de
482 3277 590 3359 ligni
618 3276 752 3341 cinere
774 3275 957 3340 adhibitum
977 3280 1034 3340 est.
1056 3275 1248 3341 Constanter
1268 3300 1324 3341 au·

200 3385 266 3447 tem
285 3383 403 3464 tragici
421 3388 576 3466 usurpant
593 3387 709 3452 στοδός,
726 3384 758 3446 in
777 3383 837 3448 hac
854 3383 925 3465 ipsa
941 3382 1053 3447 fabula
1070 3382 1248 3466 Sophocles
1262 3406 1323 3449 uss.

200 3490 267 3554 758.
291 3491 484 3555 11211159.
505 3490 592 3554 1198.
610 3525 649 3534 -
667 3489 839 3555 Praeterea
854 3512 919 3555 non
938 3490 1030 3555 video
1051 3491 1128 3571 quid
1149 3489 1182 3553 in
1203 3491 1324 3556 tradita

201 3596 338 3661 lectione
353 3597 397 3670 sit
414 3595 720 3678 reprehendendum.
740 3596 858 3672 Quidni
876 3597 962 3661 enim
979 3597 1117 3675 Electra,
1136 3601 1247 3680 erepta
1262 3598 1324 3662 sibi

199 3723 289 3780 urna,
312 3705 500 3782 quereretur
520 3723 553 3766 se
574 3702 639 3766 iam
655 3701 765 3766 fratris
783 3703 958 3783 sepeliendi
977 3704 1144 3769 occasione
1161 3705 1324 3786 privatum

200 3806 264 3872 iri?
291 3806 408 3875 Nonne
428 3831 509 3872 urna
530 3808 694 3873 condenda
715 3813 784 3874 erat
804 3810 838 3873 in
860 3811 1017 3892 sepulcro,
1039 3833 1140 3891 eaque
1158 3811 1324 3892 sepultura

200 3911 287 3994 ταφή
310 3900 371 3977 dici
397 3913 529 3995 potuit?
556 3912 705 3979 Getarum
731 3915 829 3980 etiam
849 3916 960 3979 malim
980 3938 1039 3997 per
1059 3915 1323 3982 exclamationem

200 4017 356 4084 scribere:

403 4129 539 4204 Ὀρέστα,
563 4134 617 4204 τής
638 4134 705 4204 σής
725 4131 981 4206 ἐστερήσομαι
1003 4126 1116 4207 ταφής.
