3166 5002
809 565 847 629 10

265 756 400 824 βολβτδκ
422 757 558 832 λυπρράν
578 756 653 823 βίον.
669 752 693 835 ²)
715 751 760 816 At
778 752 859 817 aliae
877 756 952 816 sunt
970 751 1186 816 difficultates.
1198 751 1387 834 Suspectum

266 859 351 922 enim
369 861 418 922 est
439 857 559 923 oculo
580 857 680 922 tribui
698 858 784 939 quod
802 861 852 922 est
873 857 1035 922 homini
1051 858 1219 940 proprium
1237 862 1269 916 πὸ
1288 856 1388 938 άφκρ-

267 967 368 1043 πάζειν
388 967 482 1034 άνόος,
503 968 536 1028 et
557 986 690 1046 prorsus
710 964 840 1029 insolite
861 965 980 1029 dictum
1000 965 1039 1022 ὧν
1057 986 1117 1046 pro
1138 972 1196 1022 τῶν
1213 971 1277 1043 μέν.
1296 963 1389 1040 Quod

266 1075 373 1135 autem
395 1071 560 1136 Wecklein
582 1095 610 1136 v.
631 1072 691 1135 549
712 1092 770 1155 pro
792 1078 850 1129 τῶν
872 1074 898 1130 δ’
920 1071 953 1135 in
974 1074 1099 1134 textum
1121 1071 1243 1154 recepit
1264 1071 1388 1136 coniec-

265 1181 371 1242 turam
392 1200 481 1242 suam
503 1183 570 1236 τότε
592 1181 629 1246 δ’,
645 1179 679 1243 in
698 1200 734 1243 eo
754 1178 883 1260 egregie
901 1176 970 1241 falli
991 1176 1071 1240 mihi
1089 1177 1225 1242 videtur.
1244 1179 1388 1261 Apparet

267 1284 351 1349 enim
372 1307 411 1348 ex
433 1307 493 1349 vss.
514 1285 573 1348 545
595 1306 641 1365 sq.
662 1308 727 1349 non
749 1285 803 1366 agi
823 1285 862 1348 de
880 1307 944 1347 una
963 1283 1096 1348 muliere
1113 1283 1251 1366 primum
1270 1283 1389 1363 iuveni,

266 1391 379 1455 deinde
399 1391 585 1468 senescenti,
605 1393 661 1457 sed
683 1394 722 1457 de
741 1373 874 1468 duabus,
892 1413 1029 1472 quarum
1046 1390 1147 1455 altera
1166 1389 1285 1471 (qualis
1306 1389 1387 1472 tole)

264 1497 298 1561 in
318 1498 423 1579 primo
445 1501 509 1562 stet
529 1498 703 1564 iuventutis
724 1499 814 1577 flore,
836 1498 938 1562 altera
959 1496 1009 1577 (ut
1027 1496 1196 1578 Deianira)
1215 1501 1329 1578 vergat
1348 1497 1388 1560 ad

266 1608 472 1669 senectutem.
499 1604 618 1669 Locum
645 1607 813 1670 emendare
840 1627 976 1687 nequeo,
1004 1605 1059 1669 sed
1090 1605 1301 1686 expectabam
1329 1603 1388 1668 ali-

265 1711 343 1792 quid
363 1711 599 1776 huiuscemodi:

466 1823 557 1898 όριόν
577 1823 635 1898 γάρ
659 1818 736 1897 ἥβην
758 1823 813 1897 τὴν
833 1824 888 1898 μὲν
910 1822 1054 1899 ἕρπονσοιν
1077 1824 1173 1898 πρόσω
1239 1889 1242 1895 ¹

466 1928 521 2003 τὴν
542 1929 573 1984 δὲ
596 1921 778 2006 Φθόνονσιον,
800 1925 881 2007 φὼς
904 1924 1093 2006 ἀφαρπάζειν
1116 1924 1205 2006 φιλεῖ

466 2036 505 2090 πό
527 2028 678 2093 θάλλον
699 2035 792 2103 άνόος,
815 2037 883 2111 τὴν
905 2036 930 2091 δ’
954 2037 1124 2114 ὑπεκπρέπει
1147 2037 1232 2092 πόδιι.

306 2137 429 2202 Partim
456 2138 491 2202 in
518 2138 569 2202 his
594 2160 711 2220 sequor
735 2138 949 2221 Blaydesium‚
970 2141 1026 2221 qui
1047 2163 1177 2205 servans
1198 2141 1238 2198 ὧν
1260 2140 1388 2223 reponit

266 2244 333 2326 φὼς
360 2241 488 2314 θάλλον,
509 2246 628 2327 partim
648 2245 754 2327 ipsum
776 2244 1012 2311 Weckleinium
1035 2247 1111 2329 (Ars
1132 2245 1231 2330 Sopb.
1254 2268 1313 2311 em.
1336 2245 1387 2324 72)

266 2356 321 2431 Τόν
349 2353 560 2418 conicientem
586 2375 646 2436 pro
673 2361 740 2412 τῶν.
762 2351 808 2418 ef.
829 2353 988 2418 Emend.
1011 2359 1050 2418 et
1071 2355 1246 2436 interpr.
1268 2351 1387 2436 Soph.

267 2459 303 2526 G.
325 2458 366 2524 H.
389 2459 545 2525 Munnnnnr
565 2483 596 2543 p.
618 2459 656 2526 70
676 2483 723 2542 sq.

266 2675 380 2741 Trach.
401 2678 460 2741 555
483 2678 519 2754 ἦν
539 2697 588 2755 μοι
610 2679 737 2735 ποιλκιόν
758 2678 847 2754 δῶρον
869 2680 997 2754 άρχιιόον
1019 2680 1106 2734 ποπὲ

486 2779 587 2863 θηρός,
609 2787 715 2861 λέβητι
737 2788 861 2859 χαλκέῳ
885 2787 1095 2862 κεκρυμμένον,

485 2895 589 2956 όπιοῖς
611 2891 652 2948 ἔπ’
675 2887 747 2948 οὖσά
769 2894 822 2947 ποῦ
841 2892 1040 2967 διισνσπέρνον
1064 2893 1161 2969 πάροι

484 2999 604 3056 Νέσσον
626 2991 789 3078 Φθινονπος
809 3001 842 3055 έκ
864 2994 964 3076 Φονῶν
986 3001 1156 3076 άνειλόμην.

306 3104 426 3170 Locum
465 3105 511 3169 sio
544 3105 700 3186 scriptum
730 3103 808 3183 fero,
841 3103 895 3167 sed
926 3125 990 3168 non
1022 3103 1163 3168 diffiteor
1193 3125 1244 3167 me
1276 3101 1386 3166 malle:

267 3218 395 3293 άρχοιόου
423 3217 519 3292 πάροι
544 3211 548 3293 Ι
581 3248 621 3256 -
648 3217 702 3270 ποῠ
729 3214 927 3290 δοισνσπέρνοιι
949 3217 1039 3269 ποτέ
1060 3215 1120 3269 aar.
1143 3208 1188 3273 Of.
1211 3209 1250 3272 ad
1271 3207 1385 3273 Trach.

268 3321 315 3400 18,
338 3342 413 3403 pag.
435 3322 463 3385 3.

266 3531 381 3597 Traoh.
402 3531 461 3596 562
482 3536 513 3598 ὃς
534 3538 622 3611 κάμέ,
643 3536 694 3590 πὸν
715 3538 848 3612 πάπρῷον
870 3535 956 3609 tutae
979 3536 1086 3590 στόλον

487 3640 540 3718 ξὺν
561 3643 707 3719 Ἡρακλεῖ
724 3643 755 3698 πό
777 3646 889 3719 πρῶτον
910 3637 988 3704 εὖνις
1008 3643 1150 3717 ἑσπόμην,
1172 3641 1233 3696 κπέ.

306 3746 522 3827 Posteaquam
549 3744 583 3809 in
608 3747 678 3811 loco
706 3744 875 3810 manifeste
898 3750 1051 3826 corrupto
1073 3744 1152 3809 olim
1172 3742 1386 3825 probantibus

306 4015 324 4081 ¹)
347 4021 399 4069 Nec
423 4023 512 4069 tamen
536 4019 726 4079 neglegendum
750 4020 791 4066 cat
814 4018 842 4064 in
867 4017 924 4066 loco
949 4019 1043 4065 affectu
1065 4017 1225 4078 plenissimo,
1244 4017 1327 4077 qualia
1346 4018 1386 4064 est

265 4105 428 4166 Euripidem,
449 4104 576 4152 eiusmodi
595 4103 826 4162 breviloquentiam
841 4103 973 4158 lectorem,
988 4103 1043 4148 aive
1058 4103 1146 4162 potina
1155 4102 1306 4162 auditorem,
1317 4101 1386 4148 hand

266 4203 348 4251 aeque
367 4189 506 4236 offendere.
560 4213 562 4219 ·
