3166 5002
771 557 789 623 7

215 747 338 811 iectura
366 751 510 825 καμάτων
537 768 596 828 pro
625 750 754 816 πάντων,
781 768 821 810 ne
849 745 895 810 sic
917 745 1045 827 quidem
1066 744 1093 808 si
1114 749 1200 810 recte
1221 745 1339 808 habeat

217 858 354 922 τεκοῦσα,
382 853 468 934 quod
495 875 553 935 pro
578 853 735 917 librorum
756 852 893 917 lectione
914 857 1059 912 τεκνοῦσα
1081 856 1260 917 correctum
1281 855 1339 915 est.

216 958 251 1025 Si
289 963 363 1024 v'ero
394 960 464 1042 ipse
495 959 680 1041 Sophocles,
712 982 776 1024 non
808 960 1023 1042 interpolator
1055 960 1179 1042 aliquis,
1211 960 1339 1042 scripsit

216 1088 278 1131 vas.
299 1067 359 1131 308
380 1070 412 1130 et
432 1067 492 1131 309
513 1067 567 1130 vix
588 1067 683 1131 aliter
705 1067 842 1130 scribere
863 1067 972 1148 potuit
993 1089 1088 1147 quam

597 1176 739 1252 ἄνανδρος
760 1173 777 1251 ἢ
801 1177 969 1251 (wyslae.

218 1279 295 1356 Quis
326 1279 410 1344 enim
443 1301 561 1361 quaeso
594 1280 691 1344 etiam
723 1279 892 1344 mediocris
923 1284 1021 1361 poeta
1051 1281 1250 1362 permisisset
1278 1281 1340 1345 sibi

217 1387 296 1451 adeo
317 1386 460 1467 ineptam
482 1387 721 1469 oppositionem
744 1408 841 1468 quam
859 1387 937 1451 haec
955 1391 1020 1451 est:
1041 1387 1174 1452 virine
1194 1409 1340 1468 expers

217 1515 265 1557 an
294 1495 449 1557 mater?
481 1491 580 1568 Quasi
611 1514 685 1556 vero
717 1515 828 1558 omnes
859 1497 980 1575 nuptae
1013 1498 1118 1557 essent
1146 1496 1339 1575 puerperae!

216 1599 387 1664 Manifeste
406 1603 514 1664 autem
530 1600 616 1663 iusta
634 1599 801 1681 oppositio
819 1601 963 1684 postulat
980 1604 1036 1665 aut
1053 1601 1132 1665 illud
1150 1607 1205 1664 aut
1219 1603 1341 1667 decanos

183 1759 185 1762 ,
218 1708 235 1785 l
258 1711 393 1766 τεκοῦσα.
415 1705 478 1771 Sed
496 1706 652 1788 quidquid
670 1707 786 1771 horum
806 1728 953 1772 versuum
972 1710 1097 1772 auctori
1114 1709 1252 1773 scribere
1269 1709 1339 1792 pla·

218 1813 292 1891 cuit,
320 1813 449 1877 admitti
476 1834 541 1876 non
568 1817 678 1895 potest
705 1812 877 1878 Schmidtii
906 1815 1097 1894 coniectura,
1127 1816 1248 1897 quippe
1279 1838 1341 1897 qua

217 1923 346 2000 recepta
376 1919 479 1984 denuo
511 1942 611 2002 prava
642 1919 722 1984 haec
752 1920 895 1985 nascitur
927 1921 1108 2005 oppositio:
1141 1921 1341 1986 Pariendi

218 2027 379 2109 quidem
410 2027 595 2092 laborum
623 2027 831 2107 immuniS,
861 2029 930 2093 sed
960 2050 1163 2114 generosa
1189 2033 1341 2107 tamem

217 2137 300 2202 unde
322 2139 518 2217 sequeretur,
539 2139 576 2198 ut
597 2135 746 2213 arbitror,
768 2134 975 2216 puerperium
996 2158 1064 2200 rem
1085 2157 1153 2200 esse
1174 2136 1303 2216 qualem
1324 2159 1343 2200 a

217 2265 373 2326 generosa
399 2243 532 2310 muliere
560 2242 645 2306 haud
674 2247 836 2323 expectes:
856 2228 969 2318 Qualis
991 2243 1158 2321 sententia,
1179 2242 1255 2307 licet
1275 2264 1342 2306 non

216 2353 354 2419 multum
385 2351 545 2433 discrepet
576 2373 595 2414 a
626 2350 818 2415 scholiastae
848 2349 1127 2430 interpretatione,
1159 2372 1211 2415 me
1239 2349 1343 2415 iudice

218 2460 346 2544 egregie
368 2459 508 2524 absurda
530 2461 587 2523 est.

215 2573 217 2580 ’
257 2565 383 2631 Horum
409 2587 559 2630 versuum
588 2568 700 2630 auctor
729 2567 838 2629 utrum
869 2563 964 2645 φύσιν
990 2563 1189 2628 intellexerit
1211 2567 1344 2629 exter-

216 2695 307 2738 nam
333 2673 514 2754 speciem
542 2671 596 2753 (cf.
626 2670 662 2736 0.
691 2670 730 2735 R.
758 2671 841 2753 740),
870 2676 905 2736 ut
926 2672 1136 2753 interpretari
1157 2672 1262 2735 solent
1283 2670 1344 2735 viri

218 2779 314 2857 docti,
342 2803 382 2843 an
412 2779 521 2861 potius
548 2779 757 2861 originem
785 2778 838 2860 (cf.
867 2776 1344 2856 Aia0.1259.1301>,difficile

218 2885 306 2950 dictu
333 2889 391 2950 est.
413 2884 447 2952 Si
467 2885 555 2960 illud,
577 2885 640 2950 hoc
659 2886 795 2951 voluisse
817 2886 959 2950 videtur:
982 2907 1071 2949 narn
1092 2884 1198 2965 quod
1221 2884 1268 2948 ad
1290 2883 1345 2947 fa-

218 2991 318 3057 ciem
346 2995 456 3055 tuam
484 2992 657 3072 attinet,
686 2991 795 3056 nihil
816 2991 960 3056 horum
981 3014 1083 3073 quae
1103 3013 1208 3055 nunc
1229 3013 1345 3075 expe-

217 3098 317 3164 riris
345 3103 516 3180 experta
542 3122 600 3177 es,
625 3100 693 3164 sed
717 3098 854 3163 nobili
879 3098 974 3172 loco
996 3103 1109 3177 nata,
1134 3120 1250 3179 parurn
1268 3102 1345 3180 apta

217 3207 474 3290 breviloquentia
518 3229 594 3272 usus
639 3229 699 3289 pro
740 3205 801 3271 hac
843 3205 1005 3272 oratione:
1043 3229 1133 3269 nam
1172 3227 1345 3269 servane

218 3315 275 3380 sis
313 3337 360 3380 an
397 3315 577 3396 ingenua
607 3312 719 3378 nihil
751 3335 853 3397 opus
884 3314 1015 3378 habeo
1047 3333 1264 3395 quaerere,
1296 3313 1345 3377 si-

218 3423 382 3504 quidem
407 3421 544 3486 nobili
565 3426 604 3486 te
625 3421 718 3486 loco
741 3424 879 3486 natam
898 3442 1004 3485 nunc
1024 3419 1345 3502 primumservi-

217 3529 324 3593 tutis
354 3529 459 3594 mala
491 3529 678 3610 experiri
710 3527 815 3592 satis
842 3549 900 3592 me
929 3527 1053 3590 docet
1081 3529 1346 3590 externatua

219 3637 388 3718 species.
412 3636 469 3702 Sin
490 3657 575 3710 1110,
595 3635 682 3717 quod
702 3635 812 3716 potius
832 3631 1030 3711 crediderim,
1054 3630 1148 3712 Φύσις
1166 3631 1344 3712 uolgatiore

164 3813 171 3826 ,
220 3743 368 3808 vocabuli
386 3743 416 3807 11
434 3743 611 3826 usurpavit,
626 3742 765 3824 voluisse
776 3742 917 3805 videtur:
937 3737 1037 3804 Nam
1058 3740 1164 3820 quod
1186 3739 1345 3803 attinet
1413 3818 1415 3822 Ι

218 3851 265 3915 ad
295 3851 500 3933 originem
526 3854 651 3926 tuam,
680 3848 782 3912 nihil
810 3848 955 3912 horum
975 3845 1153 3911 antehac
1174 3849 1346 3927 experta

219 3979 252 4022 es
280 3957 313 4033 (i.
336 3979 361 4021 e.
380 3979 471 4021 serva
492 3960 570 4021 nata
590 3977 655 4020 non
676 3956 734 4038 es),
756 3955 810 4020 sed
831 3954 966 4020 nobili
988 3975 1139 4037 genere
1161 3953 1346 4017 oriunda.

219 4049 448 4143 Veruntamen,
467 4064 534 4128 sive
555 4063 636 4128 haec
653 4063 719 4128 sive
736 4063 793 4128 illa
810 4062 872 4127 fuit
887 4062 1027 4127 auctoris
1044 4083 1144 4140 mens,
1164 4061 1257 4126 ambo
1275 4083 1346 4124 111-

220 4194 273 4238 sus
298 4171 457 4255 Sophocle
481 4171 632 4254 indignos
655 4171 772 4250 iudico,
795 4192 897 4251 neque
919 4170 985 4234 ulla
1005 4169 1061 4234 fiet
1083 4191 1206 4233 summo
1228 4172 1346 4249 poetae
