3166 5002
733 554 774 617 33

377 743 487 820 ,ἔξωρα
509 746 662 819 πρόσσω
683 742 755 798 κούκ
776 743 838 819 ἐμοὶ
861 743 1042 817 προσεικότα,

196 847 392 929 corrigamus
425 848 539 927 Φρόζω,
570 846 826 927 quandoquidem
860 850 936 927 apte
966 844 1046 909 haec
1076 845 1173 910 verba
1203 845 1314 910 referri

194 958 330 1036 possunt
351 953 391 1017 ad
412 952 662 1034 Clytaemestrae
683 952 862 1017 orationem

395 1062 460 1138 ἣτις
481 1066 603 1120 τοιαῦτα
625 1068 680 1138 τῆν
703 1066 847 1118 τεκοῦσαν
869 1058 987 1137 ὕβρισεν

396 1173 445 1225 καὶ
467 1177 564 1226 ταῦτα
585 1175 760 1246 τηλικοῦτος

195 1273 279 1337 unde
306 1273 346 1336 ad
374 1277 494 1351 πρόσσω
519 1276 627 1337 mente
647 1271 861 1356 supplendum
882 1275 930 1336 est
950 1275 1073 1329 τοιαῦτα
1095 1275 1150 1349 τὴν
1171 1276 1315 1330 τεκοῦσαν

198 1383 363 1460 ὑβρίζουσα.

197 1593 299 1660 Elect,
320 1595 379 1660 655
401 1601 497 1663 ταῦτ’,
519 1596 540 1653 ὦ
561 1596 665 1652 Λύκει’
686 1595 854 1662 ’Ἃπολλοκ
877 1596 967 1676 όλειρς
987 1595 1086 1651 κλύων

404 1704 453 1765 δὸς
474 1710 523 1759 ποῖ
530 1721 591 1759 σιν
612 1705 682 1780 ἡμῖν
704 1704 798 1780 ὥσπερ
820 1695 1029 1778 ἐξαιτούμεθα.

237 1806 275 1870 In
292 1815 381 1866 πᾶσιν
398 1828 464 1871 non
480 1811 600 1872 temere
618 1806 752 1886 haerens
772 1806 968 1872 Schmidtius
989 1828 1061 1891 pag.
1084 1807 1142 1870 136
1163 1806 1315 1871 coniecit:

398 1915 461 1973 ὧδ’
483 1917 624 1973 όπασον
646 1919 716 1993 ἡμῖν
738 1923 805 1974 κτλ.

237 2018 283 2082 At
304 2020 434 2085 verbum
452 2024 578 2099 ὀπάζειν,
596 2042 659 2100 quo
677 2043 836 2102 nusquam
852 2020 1027 2103 Sophocles
1044 2041 1119 2084 usus
1137 2024 1194 2097 est,
1212 2042 1230 2084 a
1251 2042 1316 2085 ser·

197 2147 292 2190 mone
310 2127 446 2208 tragico,
464 2127 491 2191 si
508 2126 622 2191 melica
640 2127 790 2205 earmina,
808 2149 890 2208 quae
906 2127 1004 2191 verba
1019 2127 1110 2208 epiea
1125 2125 1251 2190 facilius
1262 2125 1317 2189 ad·

197 2232 343 2310 mittunt,
360 2211 532 2315 exceireris
549 2255 682 2315 prorsus
700 2233 840 2299 alienum
857 2238 914 2298 est.
932 2233 1048 2298 Melius
1064 2233 1166 2314 igitur
1178 2218 1318 2296 tortasse

198 2338 398 2404 coniecisset:

399 2449 447 2513 δὸς
468 2451 605 2526 πρᾶξιν
626 2452 696 2525 ἡμῖν
718 2451 813 2528 ὥσπερ
834 2442 1043 2525 ἐξαιτούμεθα.

238 2551 290 2617 Ad
312 2557 415 2631 πρᾶξιν
436 2554 480 2617 sic
503 2557 692 2636 usurpatum
713 2554 752 2618 cf.
772 2555 824 2618 Ai.
845 2555 912 2619 799.
934 2555 1001 2618 792.
1023 2552 1137 2617 Traeh.
1159 2554 1227 2616 152.
1249 2552 1317 2617 294.

199 2659 276 2724 Ant.
306 2660 392 2725 1305.
420 2659 568 2726 Ueterum
594 2665 766 2743 utrumque
793 2684 921 2727 versum
946 2662 1084 2727 fortasse
1111 2665 1198 2725 reete
1218 2661 1318 2724 inter-

199 2766 342 2848 polatori
362 2767 476 2831 tribuit
496 2765 671 2832 Nauekius.

200 2971 302 3058 Eiect.
324 2993 383 3057 724
403 2994 504 3051 ἔπειτα
525 2997 552 3053 δ’
574 2996 712 3059 Αἰνιᾶνος
733 2997 837 3073 όνδρός
857 2997 980 3072 όόσπομοι

401 3106 492 3157 πῶλοι
514 3103 579 3170 βίοι
601 3087 796 3178 Ιφέρουσιν.

241 3203 396 3271 Similiter
417 3203 589 3286 Euripides
611 3204 743 3287 Hippoi.
766 3206 845 3269 1224

402 3317 427 3370 01
448 3315 474 3371 δ’
496 3315 671 3371 ε’νδακοῡσαι
692 3317 801 3391 στόμια
823 3319 962 3390 πυριγενῆ
984 3307 1110 3388 γνάθοις

400 3422 465 3490 βίοι
488 3417 682 3499 Φέρουσιν.

241 3524 407 3591 Scribendi
428 3529 536 3604 tamen
559 3547 635 3590 usus
657 3524 828 3605 utrobique
850 3525 962 3589 suadet
988 3529 1053 3595 βόα
1083 3523 1320 3605 ’κφέρουσιν,

201 3635 238 3696 ut
258 3631 368 3698 monui
387 3655 490 3715 nuper
510 3633 544 3697 in
564 3632 803 3714 Excerptis‚
824 3653 897 3714 pag.
919 3631 967 3696 68.

202 3856 305 3922 Elect.
329 3858 387 3922 749
410 3859 536 3936 στρατός
556 3859 583 3914 δ’
605 3857 682 3920 ὅπως
702 3859 753 3934 όρςῖ
774 3874 818 3912 νιν
839 3860 1049 3913 ἐκπεπτωκότα

413 3963 537 4045 δίφρων,
558 3966 778 4041 ἀνωλόλυξε
799 3965 849 4021 τόν
871 3967 999 4030 νεανίαν,
1020 3965 1081 4018 ure.

241 4071 280 4136 In
306 4070 527 4152 Exeerptis
554 4091 629 4151 pag.
649 4070 690 4132 69
716 4068 845 4150 reposui
873 4069 1106 4143 ονωτότυξε,
1133 4065 1220 4146 quod
1244 4064 1320 4128 olim

203 4179 323 4244 conieci
341 4178 390 4243 ell.
413 4177 528 4243 Aesch.
550 4177 664 4257 Agam.
688 4175 766 4238 1074
785 4178 818 4239 et
838 4173 914 4238 Eur.
937 4173 1009 4238 Hel.
1026 4173 1095 4237 376.
1113 4170 1198 4236 Nam
1216 4175 1320 4230 ὀλολύ-

1226 4280 1239 4318 8
