3166 5002
829 594 869 656 66

286 784 421 848 tentiam
443 782 548 848 rotroc
570 787 608 848 ὡς
629 783 674 860 ἄρ’
696 776 782 860 ὀρθὸν
803 782 954 858 ἔλεξας,
975 779 1085 860 itaque
1106 778 1239 857 conicio,
1261 778 1317 844 sed
1333 782 1409 860 post

287 889 508 969 Touruierum,
547 893 583 953 ut
620 888 786 969 plagulam
820 888 984 969 corrigens
1016 886 1247 964 animadverto,
1280 888 1409 967 poetam

182 1029 184 1034 ·
287 996 468 1078 scripsisse:
762 1056 765 1061 .

421 1142 425 1148 ,
531 1078 551 1132 ὦ
572 1080 674 1153 μαντι,
696 1074 802 1140 τοῦτος
823 1078 861 1140 ὡς
882 1076 926 1154 αρ’
950 1070 1036 1153 ὀρθὸν
1058 1075 1199 1152 ᾔνεσας

287 1183 441 1258 locutum,
463 1186 499 1246 ut
519 1182 645 1266 saepius
666 1181 742 1245 fecit
763 1180 951 1262 Aeschylus.
973 1177 1042 1245 Nec
1062 1180 1160 1262 longe
1182 1179 1307 1244 abludit
1324 1178 1410 1260 quod

288 1291 358 1373 ipse
379 1289 508 1372 scripsit
531 1288 667 1354 Philoct.
691 1289 769 1353 1366

530 1398 551 1454 ὦ
573 1398 666 1455 δεινὸν
687 1396 769 1454 αἶνον
792 1400 958 1461 αἰνέσας.
984 1392 1018 1475 1)“

287 1583 400 1666 Antig.
425 1584 503 1647 1214
526 1586 629 1650 rauce
649 1605 694 1661 με
713 1589 775 1642 σαν
783 1603 837 1642 νει
858 1578 1011 1664 φθόγγος.

328 1689 462 1770 Semper
478 1695 660 1770 suspectam
676 1689 776 1754 habui
792 1690 823 1753 h.
840 1690 860 1753 l.
878 1683 981 1760 σοινει,
997 1694 1029 1754 et
1045 1689 1148 1753 laetus
1162 1689 1254 1754 video
1265 1688 1412 1754 Schmid-

288 1798 369 1861 tium
397 1819 581 1880 proponere
608 1800 640 1876 μ’
663 1801 764 1855 ἱκάνει.
785 1795 860 1878 lpse
881 1800 914 1884 et
935 1797 973 1860 de
995 1797 1055 1861 hoc
1075 1796 1172 1860 verbo
1194 1797 1412 1878 cogitaveram

289 1907 322 1968 et
355 1904 392 1968 de
423 1904 613 1984 corrigendo
644 1924 687 1982 με
718 1908 856 1974 βαίνει.
887 1903 963 1967 Eur.
994 1901 1093 1986 Hipp.
1124 1903 1197 1968 1371
1230 1908 1278 1961 και
1307 1890 1359 1962 νῦν
1379 1907 1411 1981 μ’

289 2015 378 2070 ὀδύνα
407 2015 544 2081 βαίνει.
574 2009 679 2091 Supra
706 2033 748 2074 v.·
766 2010 843 2073 1209
864 2009 903 2073 de
924 2032 1000 2074 voce
1023 2014 1071 2074 est
1099 2015 1301 2089 περιβαίνει
1330 2013 1362 2075 et
1383 2032 1411 2074 v.

290 2118 367 2181 1187
388 2122 439 2175 aar
460 2139 497 2195 με
520 2113 863 2198 Φθογγὸς-βαλλει
884 2120 921 2176 δι’
945 2121 1036 2177 ὤτων.

291 2302 403 2384 Antig.
428 2304 506 2367 1224
528 2306 613 2381 εὐνῆς
635 2307 838 2383 ατοιμώζοντα
859 2312 927 2382 τῆς
949 2309 1048 2362 κάτω
1070 2298 1232 2385 Φθοράν.

523 2416 572 2469 καὶ
595 2413 704 2490 τατρὸς
725 2412 796 2490 ἔργα
818 2415 867 2468 καὶ
889 2414 921 2468 τὸ
944 2413 1089 2488 δύστανον
1110 2417 1238 2488 λέχος.

332 2515 464 2580 Versum
494 2517 633 2598 priorem
663 2517 870 2598 depravatum
900 2539 967 2582 esse
994 2516 1074 2580 vidit
1103 2515 1329 2594 Gleditschius,
1357 2517 1412 2599 qui

291 2624 428 2688 coniecit
454 2632 521 2702 τῆς
549 2625 665 2682 αὑτοῦ
693 2618 854 2704 φθοράν.
876 2623 911 2687 ln
934 2624 996 2688 hac
1016 2627 1123 2688 tamen
1145 2624 1315 2689 verborum
1336 2607 1412 2688 cou-

291 2731 451 2813 positione
479 2733 565 2808 εὐνῆς
586 2765 626 2775 -
647 2725 778 2810 wopau,
804 2732 879 2820 quia
908 2725 1011 2811 Φθιριὶ
1038 2731 1188 2813 usurpari
1219 2731 1343 2795 solebat
1374 2730 1412 2794 de

292 2839 371 2901 vitio
395 2838 486 2902 illato
510 2837 643 2914 mulieri,
665 2837 787 2911 melius,
809 2838 842 2902 ni
864 2837 969 2914 fallor,
991 2843 1088 2919 poeta
1109 2861 1128 2902 a
1149 2838 1236 2902 vocis
1258 2836 1412 2918 simplicis

291 2967 349 3009 usu
373 2945 588 3009 abstinuisset.
612 2945 718 3020 Quare
738 2945 876 3009 fortasse
897 2950 1042 3027 praestat
1064 2947 1238 3029 corrigere:

512 3054 598 3129 εὐνῆς
618 3054 822 3129 ατοιμώζοντα
844 3055 912 3130 τὴν
933 3047 1202 3133 καταφθοράν.

332 3157 497 3224 Vocabulo
525 3159 573 3222 usi
597 3164 672 3222 suut
694 3157 874 3239 Aeschylus
896 3163 928 3222 et
948 3159 1129 3240 Euripides,
1151 3164 1183 3223 et
1199 3159 1297 3224 verbo
1319 3179 1412 3217 κατα-

292 3262 428 3346 φθείρειν
456 3265 633 3346 Sophocles
663 3287 790 3346 quoque
818 3263 853 3329 0.
881 3265 917 3329 R.
940 3267 1008 3330 331.
1037 3265 1130 3342 Quod
1158 3270 1265 3331 autem
1292 3266 1412 3330 iamin

291 3373 470 3439 Exercit.
499 3373 670 3437 Oriticis
698 3393 771 3456 pag.
804 3373 859 3435 121
888 3393 948 3453 pro
974 3379 1067 3450 λέχος
1087 3373 1242 3456 proposui
1273 3379 1412 3451 λάχος,

291 3486 406 3563 postea
427 3484 462 3544 ut
480 3502 570 3544 suum
594 3479 745 3562 repetivit
766 3478 803 3543 G.
825 3478 866 3543 H.
887 3478 1023 3545 Mueller
1044 3480 1122 3545 Em.
1144 3480 1261 3566 Soph.
1284 3504 1315 3564 p.
1337 3481 1386 3544 60.
1487 3501 1491 3508 ·

292 3639 405 3721 Ancig.
428 3639 507 3702 1246
808 3645 925 3698 ε’λτὶσιν
947 3643 978 3698 δὲ
999 3643 1146 3718 βόσκομαι

532 3749 597 3823 lim
621 3751 724 3805 τέκνου
746 3749 896 3805 κλύουσαν
917 3751 947 3812 ές
968 3752 1053 3805 πόλιν
1073 3752 1161 3822 γόους

534 3856 585 3912 οὐκ
605 3856 801 3931 ἀξιώσειν,
822 3857 883 3911 κτέ.

292 3959 505 3969 -.---

333 4025 349 4089 ¹)
368 4029 430 4074 Vide
451 4042 482 4074 au
498 4028 618 4074 simililer
636 4027 803 4085 corrigendus
824 4027 858 4073 sit
876 4027 949 4073 locus
968 4028 997 4074 0.
1017 4028 1044 4074 G.
1067 4029 1116 4074 453
1137 4042 1175 4088 sq.

293 4109 413 4186 μαντεῖ’
453 4109 567 4165 ἀκούων
593 4143 633 4150 -
664 4104 681 4188 Η
717 4102 896 4186 ταλαὶφαθ’
928 4111 996 4186 αμοὶ
1028 4109 1133 4178 Φοῖβος
1163 4111 1302 4188 ἤνυσεν
1334 4128 1414 4178 τοτε,

292 4206 337 4252 ubi
355 4207 484 4253 Nauckius
503 4206 640 4266 proposuit
659 4202 835 4280 ἔχρησεν,
