3166 5002
806 575 825 637 2

253 761 316 824 vol.
347 759 371 824 I.
400 758 544 824 Berolini
567 783 595 824 a.
618 760 705 838 1886,
727 782 822 840 quem
843 760 945 824 virum
969 760 1099 824 doctum
1121 761 1148 825 si
1169 761 1297 842 saepius
1317 761 1378 824 im·

254 890 416 951 pugnasse
447 869 531 934 visus
564 879 617 932 ero
650 890 745 949 quam
777 868 931 946 laudasse,
962 869 994 932 id
1026 870 1119 934 unice
1152 869 1247 935 huius
1277 869 1378 933 libelli

254 1083 341 1146 nulla
369 1087 426 1147 est.
455 1082 558 1164 Saepe
587 1083 671 1146 enim
699 1082 840 1146 admiror
858 1081 882 1164 1)
911 1083 972 1146 viri
1000 1083 1109 1147 eximii
1138 1083 1318 1148 doctrinam
1346 1085 1378 1145 et

255 1191 474 1272 sagacitatem,
504 1189 559 1253 sed
586 1189 613 1252 si
641 1189 749 1253 omnia
773 1186 858 1270 'quae
885 1190 963 1253 boni
992 1190 1094 1255 critici
1122 1192 1283 1254 arenatis
1304 1191 1378 1254 inde

254 1297 372 1361 litteris
400 1319 474 1361 vere
503 1297 685 1361 emendasse
712 1297 774 1360 sibi
798 1296 983 1361 viderentur
1005 1319 1079 1361 vera
1100 1319 1167 1362 esse
1191 1318 1376 1380 persuasum

254 1405 340 1468 foret
361 1405 518 1482 omnibus
539 1425 604 1468 non
627 1404 763 1467 multum
784 1404 910 1469 abesset
932 1408 968 1467 ut
989 1404 1084 1469 hodie
1103 1425 1176 1468 eum
1192 1404 1287 1469 finem
1306 1409 1378 1469 tan·

184 1554 186 1558 1
255 1534 412 1593 geremus
441 1534 536 1593 quem
564 1511 677 1593 procul
704 1511 808 1574 adhuc
835 1516 992 1576 remotum
1023 1535 1090 1577 esse
1120 1513 1237 1577 scimus
1258 1535 1377 1595 omnes,

255 1641 414 1699 quemque
443 1622 479 1681 ut
506 1639 657 1699 umquam
686 1617 781 1698 plene
808 1619 1006 1698 attingamus
1028 1641 1101 1700 spes
1123 1624 1171 1684 est
1192 1621 1308 1702 exigua
1328 1620 1380 1684 vel

255 1725 364 1807 potius
395 1724 492 1789 nulla.
525 1722 676 1787 Contenti
705 1727 813 1787 autem
844 1745 912 1788 esse
942 1724 1102 1803 debemus
1131 1727 1158 1790 si
1186 1727 1379 1808 particulam

256 1853 367 1896 eorum
407 1853 489 1911 quae
520 1830 614 1895 nobis
646 1829 827 1911 probabilia
857 1830 1034 1906 videantur,
1065 1831 1188 1895 idoneis
1214 1833 1378 1897 indicibus

255 1961 386 2022 prorsus
407 1938 591 2020 probamus,
613 1942 645 2000 et
666 1937 810 2000 nonnisi
830 1937 1008 2001 coniunctis
1025 1937 1147 2002 viribus
1165 1939 1251 2018 quod
1262 1961 1379 2022 operae

255 2046 392 2128 pretium
413 2045 456 2109 sit
473 2045 651 2127 proficitur.
670 2042 756 2107 ldern
777 2043 838 2107 sibi
856 2043 975 2108 dictum
994 2044 1136 2108 habento
1148 2044 1264 2125 reliqui
1275 2045 1377 2109 critici

256 2175 393 2235 quorum
422 2152 619 2216 coniecturas
647 2152 914 2228 commemorabo,
937 2151 969 2214 in
992 2152 1108 2233 quibus
1130 2150 1262 2217 honoris
1285 2175 1380 2218 causa

255 2259 387 2322 nomino
411 2262 540 2322 acutum
558 2256 718 2320 Dindorfii
735 2256 769 2318 in
780 2255 940 2336 Sophocle
953 2258 1074 2322 edendo
1086 2281 1299 2324 successorem
1311 2259 1378 2323 Mn·

256 2387 374 2428 unrnun
403 2367 435 2428 et
464 2363 659 2438 duumviros,
688 2362 743 2443 qui
770 2385 849 2444 prae
879 2364 992 2428 ceteris
1014 2364 1163 2428 omnibus
1184 2369 1263 2447 quot
1283 2363 1379 2430 hodie

260 2548 472 2556 —————

298 2667 316 2722 ¹}
334 2671 418 2729 Magia
438 2670 514 2716 etiam
534 2669 681 2725 admirarer,
701 2669 723 2714 si
739 2669 828 2728 paullo
843 2670 928 2715 minus
943 2669 1116 2717 admiraretur
1132 2683 1159 2717 se
1175 2671 1262 2731 ipsum
1278 2671 1379 2732 sibique

256 2757 378 2816 placeret,
404 2757 430 2801 et
448 2756 531 2812 magis
551 2754 692 2818 diligerem,
712 2753 735 2799 ei
753 2766 805 2800 non
823 2755 850 2799 in
869 2754 929 2799 libri
948 2754 990 2800 sui
1007 2755 1170 2802 Praefatione
1189 2756 1252 2802 mihi
1270 2757 1379 2817 aliisque

256 2841 394 2901 philologis
413 2839 518 2886 Batavis
537 2839 678 2885 insolenter
698 2839 882 2897 exprobrasset
900 2839 970 2886 furta
986 2839 1120 2887 litteraria.
1136 2840 1210 2887 Licet
1224 2842 1289 2888 nihil
1304 2843 1379 2889 nobis

257 2939 415 2982 arrogemus,
437 2938 489 2972 non
509 2937 599 2970 sumus
619 2927 672 2970 tam
690 2936 819 2983 pauperes
838 2925 868 2969 ut
886 2923 977 2970 alienis
995 2925 1157 2983 indigeamus
1175 2925 1295 2982 inventis,
1314 2939 1380 2986 quas

257 3025 304 3072 pro
326 3011 422 3058 nostris
439 3010 610 3066 venditemus,
626 3022 709 3068 neque
727 3009 792 3054 adeo
808 3009 882 3055 stulti
900 3011 929 3054 ut
948 3009 1093 3056 nesciamus
1112 3010 1247 3056 veritatem
1265 3024 1317 3058 non
1335 3012 1380 3058 diu

258 3097 339 3143 latere
365 3109 451 3156 posse.
479 3095 529 3141 Sed
554 3095 622 3140 enim
647 3093 769 3154 permulti
793 3093 947 3153 scriptorum
972 3094 1023 3140 loci
1046 3094 1083 3141 itu
1105 3096 1246 3155 comparati
1263 3099 1332 3152 sunt,
1351 3097 1380 3142 ui

258 3181 404 3227 necessario
431 3180 586 3240 quicumque
611 3179 650 3224 vir
675 3178 840 3224 mediocriter
858 3179 951 3224 doctus
970 3181 996 3224 et
1014 3181 1106 3225 acutus
1125 3179 1174 3225 hoc
1193 3181 1255 3238 agat
1273 3180 1300 3226 in
1319 3192 1379 3226 ean·

258 3267 316 3312 dem
333 3278 390 3319 curn
406 3265 463 3311 aliis
479 3265 577 3310 incidat
593 3263 812 3317 emendationem
830 3263 856 3307 et
872 3262 936 3308 adeo
953 3261 1034 3308 multu
1049 3263 1075 3308 in
1085 3263 1134 3309 hoc
1144 3276 1240 3321 genere
1249 3276 1307 3310 cum
1318 3263 1380 3309 olim

259 3351 356 3410 scripta
375 3350 436 3394 sunt
453 3349 508 3393 tum
527 3347 603 3393 hodie
622 3346 778 3401 scribuntur,
797 3350 827 3392 ut
845 3346 867 3391 si
887 3343 964 3392 nimiu
980 3345 1115 3404 diligentia
1130 3347 1215 3393 omnia
1230 3347 1380 3406 perquirere

259 3435 333 3490 velis,
356 3435 461 3492 tempus
485 3431 627 3477 meditandi
652 3433 677 3477 et
702 3430 832 3477 scribendi
858 3433 883 3476 te
908 3431 994 3489 ipsum
1019 3431 1130 3477 deficiat.
1154 3431 1207 3478 Nee
1225 3444 1287 3478 sans
1305 3431 1380 3478 video

260 3519 402 3566 Germanos
426 3516 572 3575 philologos
595 3514 755 3561 nostratibus
779 3515 828 3560 hac
846 3514 871 3560 in
892 3527 919 3559 re
938 3514 1020 3560 multo
1040 3527 1097 3561 esse
1116 3515 1303 3574 diligentiores,
1322 3528 1380 3562 raro

260 3604 326 3648 enim
345 3601 440 3647 librum
459 3600 549 3646 evolvo
568 3601 595 3645 in
614 3613 665 3658 quo
683 3613 736 3645 non
755 3602 800 3645 aut
818 3599 908 3645 (lebeti
927 3600 971 3644 aut
989 3598 1083 3646 liaberi
1102 3600 1147 3645 aut
1161 3611 1232 3644 meas
1249 3598 1380 3644 coniectu·

260 3700 301 3733 ras
326 3687 358 3732 ab
382 3685 439 3731 aliis
464 3685 547 3745 repeti
571 3685 781 3740 animadvertam,
805 3697 888 3742 neque
913 3684 969 3742 ipse
995 3683 1160 3736 Schmidtius,
1179 3684 1208 3727 ut
1226 3681 1276 3728 hoc
1294 3694 1380 3728 meum

260 3773 413 3831 opuseulum
431 3769 568 3828 perlegens
588 3769 694 3824 videbit,
715 3767 857 3814 communie
879 3767 970 3825 eulpae
987 3768 1028 3812 est
1043 3777 1140 3822 exsors,
1151 3765 1380 3825 quicumpopula-

259 3856 326 3901 rium
345 3866 450 3900 suorum
469 3854 499 3899 ut
518 3853 672 3899 Gleditschii
691 3857 717 3899 et
735 3852 851 3905 Mekleri,
870 3854 925 3897 tum
945 3851 1077 3909 Blaydesii
1093 3851 1118 3896 et
1133 3863 1203 3896 meus
1219 3850 1381 3898 coniecturas

260 3939 385 3998 quasdam
399 3939 556 3997 repetiverit.
571 3937 621 3986 Sed
636 3938 763 3996 patienter
778 3949 825 3982 nos
843 3936 947 3994 quidem
963 3935 1024 3981 talia
1039 3935 1154 3991 ierimus,
1163 3938 1303 3996 propterea
1312 3936 1381 3995 quod

260 4023 348 4070 insciis
373 4025 399 4069 et
420 4023 510 4069 invitis
535 4023 596 4070 talia
621 4022 740 4067 excidere
761 4020 923 4078 confidimus,
941 4020 967 4065 et
985 4019 1036 4065 loci
1053 4019 1163 4065 feliciter
1182 4020 1310 4066 emendati
1329 4032 1381 4066 non

260 4112 362 4155 tantum
381 4112 538 4154 momentum
558 4120 615 4154 esse
633 4108 759 4166 qnantum
777 4117 858 4151 novae
874 4104 964 4150 stellae
982 4109 1027 4151 aut
1041 4104 1108 4162 legis
1124 4106 1249 4151 naturalis
1263 4104 1381 4150 detectae

260 4193 449 4251 intellegentes,
467 4193 594 4240 eiusmodi
612 4190 730 4251 querelas
749 4189 875 4236 absurdas
895 4201 954 4236 csse
973 4189 1099 4238 habemus
1117 4188 1353 4250 persuasissimum.
