<?xml version="1.0" encoding="UTF-8"?>
<!DOCTYPE html PUBLIC "-//W3C//DTD XHTML 1.0 Transitional//EN"
    "http://www.w3.org/TR/xhtml1/DTD/xhtml1-transitional.dtd">
<html xmlns="http://www.w3.org/1999/xhtml" xml:lang="en" lang="en">
 <head>
  <title>
</title>
<meta http-equiv="Content-Type" content="text/html;charset=utf-8" />
  <meta name='ocr-system' content='tesseract 3.04.00' />
  <meta name='ocr-capabilities' content='ocr_page ocr_carea ocr_par ocr_line ocrx_word'/>
</head>
<body>
  <div class='ocr_page' id='page_1' title='image "./lucubrationesso00herwgoog_0024.png"; bbox 0 0 3166 5002; ppageno 0'>
   <div class='ocr_carea' id='block_1_1' title="bbox 166 783 1286 1082">
    <p class='ocr_par' dir='ltr' id='par_1_1' title="bbox 166 783 1286 1082">
     <span class='ocr_line' id='line_1_1' title="bbox 166 783 1286 868; baseline 0.004 -25"><span class='ocrx_word' id='word_1_1' title='bbox 166 791 322 864; x_wconf 80' lang='grc' dir='ltr'><strong><em>λιισμένος,</em></strong></span> <span class='ocrx_word' id='word_1_2' title='bbox 350 808 414 867; x_wconf 89' lang='lat' dir='ltr'>quo</span> <span class='ocrx_word' id='word_1_3' title='bbox 440 784 632 866; x_wconf 84' lang='lat' dir='ltr'>Sophoclem</span> <span class='ocrx_word' id='word_1_4' title='bbox 659 786 693 849; x_wconf 92' lang='lat' dir='ltr'>in</span> <span class='ocrx_word' id='word_1_5' title='bbox 722 784 866 849; x_wconf 82' lang='lat' dir='ltr'>Phaedra</span> <span class='ocrx_word' id='word_1_6' title='bbox 893 806 984 849; x_wconf 86' lang='lat' dir='ltr'>usum</span> <span class='ocrx_word' id='word_1_7' title='bbox 1014 806 1082 850; x_wconf 88' lang='lat' dir='ltr'>esse</span> <span class='ocrx_word' id='word_1_8' title='bbox 1106 783 1286 868; x_wconf 82' lang='lat' dir='ltr'><strong>Hesychius</strong></span> 
     </span>
     <span class='ocr_line' id='line_1_2' title="bbox 166 889 1284 973; baseline -0.001 -19"><span class='ocrx_word' id='word_1_9' title='bbox 166 896 279 957; x_wconf 84' lang='lat' dir='ltr'>auctor</span> <span class='ocrx_word' id='word_1_10' title='bbox 296 896 352 956; x_wconf 86' lang='lat' dir='ltr'>est.</span> <span class='ocrx_word' id='word_1_11' title='bbox 374 889 594 956; x_wconf 84' lang='lat' dir='ltr'>Nihilominus</span> <span class='ocrx_word' id='word_1_12' title='bbox 612 895 648 955; x_wconf 91' lang='lat' dir='ltr'>ut</span> <span class='ocrx_word' id='word_1_13' title='bbox 667 891 772 955; x_wconf 89' lang='lat' dir='ltr'>minus</span> <span class='ocrx_word' id='word_1_14' title='bbox 789 890 957 955; x_wconf 85' lang='lat' dir='ltr'>insolitum</span> <span class='ocrx_word' id='word_1_15' title='bbox 975 891 1123 972; x_wconf 86' lang='lat' dir='ltr'>equidem</span> <span class='ocrx_word' id='word_1_16' title='bbox 1137 892 1284 973; x_wconf 84' lang='lat' dir='ltr'>praefero</span> 
     </span>
     <span class='ocr_line' id='line_1_3' title="bbox 166 997 1284 1082; baseline 0.005 -26"><span class='ocrx_word' id='word_1_17' title='bbox 166 1005 311 1078; x_wconf 79' lang='grc' dir='ltr'><strong><em>μαῦρον</em></strong></span> <span class='ocrx_word' id='word_1_18' title='bbox 331 1027 363 1050; x_wconf 93' lang='lat'>=</span> <span class='ocrx_word' id='word_1_19' title='bbox 385 1005 526 1078; x_wconf 70' lang='lat' dir='ltr'>apocopen,</span> <span class='ocrx_word' id='word_1_20' title='bbox 547 999 632 1080; x_wconf 89' lang='lat' dir='ltr'>qnod</span> <span class='ocrx_word' id='word_1_21' title='bbox 652 999 807 1082; x_wconf 83' lang='lat' dir='ltr'>proposui</span> <span class='ocrx_word' id='word_1_22' title='bbox 825 997 1053 1081; x_wconf 83' lang='lat' dir='ltr'>Verslagen</span> <span class='ocrx_word' id='word_1_23' title='bbox 1073 998 1093 1063; x_wconf 83' lang='grc' dir='ltr'>Ι.</span> <span class='ocrx_word' id='word_1_24' title='bbox 1112 999 1131 1062; x_wconf 93' lang='lat' dir='ltr'>l.</span> <span class='ocrx_word' id='word_1_25' title='bbox 1150 1020 1224 1080; x_wconf 84' lang='lat' dir='ltr'>pag.</span> <span class='ocrx_word' id='word_1_26' title='bbox 1236 999 1284 1062; x_wconf 85' lang='lat'>29.</span> 
     </span>
    </p>
   </div>
   <div class='ocr_carea' id='block_1_2' title="bbox 166 1183 1285 1482">
    <p class='ocr_par' dir='ltr' id='par_1_2' title="bbox 166 1183 1285 1482">
     <span class='ocr_line' id='line_1_4' title="bbox 206 1183 1284 1265; baseline -0.002 -16"><span class='ocrx_word' id='word_1_27' title='bbox 206 1184 321 1252; x_wconf 83' lang='lat' dir='ltr'>Traoh.</span> <span class='ocrx_word' id='word_1_28' title='bbox 353 1185 430 1252; x_wconf 88' lang='lat'>1008</span> <span class='ocrx_word' id='word_1_29' title='bbox 462 1183 733 1265; x_wconf 67' lang='grc' dir='ltr'>ἀνατέτραφας</span> <span class='ocrx_word' id='word_1_30' title='bbox 760 1185 831 1249; x_wconf 83' lang='lat' dir='ltr'>aliis</span> <span class='ocrx_word' id='word_1_31' title='bbox 860 1185 937 1248; x_wconf 85' lang='lat' dir='ltr'>loeis</span> <span class='ocrx_word' id='word_1_32' title='bbox 965 1185 1184 1250; x_wconf 84' lang='lat' dir='ltr'>demonstravi</span> <span class='ocrx_word' id='word_1_33' title='bbox 1209 1206 1284 1263; x_wconf 86' lang='lat' dir='ltr'>non,</span> 
     </span>
     <span class='ocr_line' id='line_1_5' title="bbox 166 1291 1285 1375; baseline 0 -19"><span class='ocrx_word' id='word_1_34' title='bbox 166 1297 203 1357; x_wconf 89' lang='lat' dir='ltr'>ut</span> <span class='ocrx_word' id='word_1_35' title='bbox 222 1293 292 1357; x_wconf 89' lang='lat' dir='ltr'>fieri</span> <span class='ocrx_word' id='word_1_36' title='bbox 314 1292 407 1368; x_wconf 88' lang='lat' dir='ltr'>solet,</span> <span class='ocrx_word' id='word_1_37' title='bbox 428 1293 469 1358; x_wconf 81' lang='lat' dir='ltr'>ab</span> <span class='ocrx_word' id='word_1_38' title='bbox 491 1299 655 1373; x_wconf 69' lang='grc' dir='ltr'><strong><em>ἀνατρέπω,</em></strong></span> <span class='ocrx_word' id='word_1_39' title='bbox 676 1293 730 1374; x_wconf 85' lang='lat' dir='ltr'>sed</span> <span class='ocrx_word' id='word_1_40' title='bbox 751 1293 792 1356; x_wconf 80' lang='lat' dir='ltr'>ab</span> <span class='ocrx_word' id='word_1_41' title='bbox 814 1291 974 1373; x_wconf 78' lang='grc' dir='ltr'><strong><em>ανατρέΦω</em></strong></span> <span class='ocrx_word' id='word_1_42' title='bbox 992 1293 1199 1375; x_wconf 88' lang='lat' dir='ltr'>repetendum</span> <span class='ocrx_word' id='word_1_43' title='bbox 1219 1314 1285 1356; x_wconf 87' lang='lat' dir='ltr'>esse</span> 
     </span>
     <span class='ocr_line' id='line_1_6' title="bbox 166 1398 576 1482; baseline 0.002 -19"><span class='ocrx_word' id='word_1_44' title='bbox 166 1398 410 1482; x_wconf 77' lang='lat' dir='ltr'>Verslagen,</span> <span class='ocrx_word' id='word_1_45' title='bbox 432 1421 506 1482; x_wconf 81' lang='lat' dir='ltr'>pag.</span> <span class='ocrx_word' id='word_1_46' title='bbox 527 1401 576 1465; x_wconf 89' lang='lat'>30.</span> 
     </span>
    </p>
   </div>
   <div class='ocr_carea' id='block_1_3' title="bbox 166 1581 1217 1771">
    <p class='ocr_par' dir='ltr' id='par_1_3' title="bbox 166 1581 1217 1771">
     <span class='ocr_line' id='line_1_7' title="bbox 166 1581 1201 1666; baseline -0.005 -16"><span class='ocrx_word' id='word_1_47' title='bbox 166 1584 280 1652; x_wconf 80' lang='lat' dir='ltr'>Trach.</span> <span class='ocrx_word' id='word_1_48' title='bbox 303 1586 378 1650; x_wconf 77' lang='lat'>1021</span> <span class='ocrx_word' id='word_1_49' title='bbox 400 1582 565 1647; x_wconf 67' lang='lat' dir='ltr'>taffluovou</span> <span class='ocrx_word' id='word_1_50' title='bbox 586 1589 613 1644; x_wconf 77' lang='grc' dir='ltr'>δ’</span> <span class='ocrx_word' id='word_1_51' title='bbox 635 1590 741 1645; x_wconf 82' lang='grc' dir='ltr'><strong><em>αδαναν</em></strong></span> <span class='ocrx_word' id='word_1_52' title='bbox 762 1587 823 1645; x_wconf 78' lang='grc' dir='ltr'><em>οὔτ’</em></span> <span class='ocrx_word' id='word_1_53' title='bbox 845 1588 957 1646; x_wconf 78' lang='grc' dir='ltr'><strong><em>ανδααεν</em></strong></span> <span class='ocrx_word' id='word_1_54' title='bbox 979 1589 1045 1646; x_wconf 75' lang='grc' dir='ltr'><em>οὔτε</em></span> <span class='ocrx_word' id='word_1_55' title='bbox 1064 1581 1201 1666; x_wconf 68' lang='grc' dir='ltr'><strong><em>θύραθεν</em></strong></span> 
     </span>
     <span class='ocr_line' id='line_1_8' title="bbox 402 1683 1217 1771; baseline 0.002 -21"><span class='ocrx_word' id='word_1_56' title='bbox 402 1694 465 1751; x_wconf 75' lang='grc' dir='ltr'><strong><em>ἔστι</em></strong></span> <span class='ocrx_word' id='word_1_57' title='bbox 487 1713 536 1771; x_wconf 84' lang='grc' dir='ltr'>μοι</span> <span class='ocrx_word' id='word_1_58' title='bbox 558 1683 698 1771; x_wconf 77' lang='grc' dir='ltr'><strong><em>ἐξανύσαι</em></strong></span> <span class='ocrx_word' id='word_1_59' title='bbox 720 1697 867 1764; x_wconf 74' lang='grc' dir='ltr'><strong><em>βίοτον·</em></strong></span> <span class='ocrx_word' id='word_1_60' title='bbox 888 1698 1012 1754; x_wconf 79' lang='grc' dir='ltr'><strong><em>τοιαῦτα</em></strong></span> <span class='ocrx_word' id='word_1_61' title='bbox 1033 1699 1113 1771; x_wconf 84' lang='grc' dir='ltr'><strong><em>νέμει</em></strong></span> <span class='ocrx_word' id='word_1_62' title='bbox 1134 1695 1217 1758; x_wconf 80' lang='grc' dir='ltr'><strong><em>Ζεύς.</em></strong></span> 
     </span>
    </p>
   </div>
   <div class='ocr_carea' id='block_1_4' title="bbox 205 1797 1214 1986">
    <p class='ocr_par' dir='ltr' id='par_1_4' title="bbox 205 1797 1214 1986">
     <span class='ocr_line' id='line_1_9' title="bbox 205 1797 1214 1882; baseline 0 -18"><span class='ocrx_word' id='word_1_63' title='bbox 205 1797 391 1864; x_wconf 74' lang='lat' dir='ltr'>Sententiae</span> <span class='ocrx_word' id='word_1_64' title='bbox 412 1799 540 1880; x_wconf 86' lang='lat' dir='ltr'>quidem</span> <span class='ocrx_word' id='word_1_65' title='bbox 562 1801 775 1882; x_wconf 55' lang='lat' dir='ltr'>satis&#39;eptum</span> <span class='ocrx_word' id='word_1_66' title='bbox 797 1802 883 1881; x_wconf 86' lang='lat' dir='ltr'>quod</span> <span class='ocrx_word' id='word_1_67' title='bbox 905 1801 1041 1866; x_wconf 84' lang='lat' dir='ltr'>coniecit</span> <span class='ocrx_word' id='word_1_68' title='bbox 1061 1800 1214 1865; x_wconf 87' lang='lat' dir='ltr'>Hensius:</span> 
     </span>
     <span class='ocr_line' id='line_1_10' title="bbox 407 1906 884 1986; baseline 0.004 -22"><span class='ocrx_word' id='word_1_69' title='bbox 407 1906 470 1982; x_wconf 71' lang='grc' dir='ltr'>ιἔστι</span> <span class='ocrx_word' id='word_1_70' title='bbox 492 1926 541 1985; x_wconf 85' lang='grc' dir='ltr'>μοι</span> <span class='ocrx_word' id='word_1_71' title='bbox 564 1907 723 1965; x_wconf 74' lang='grc' dir='ltr'><strong><em>ἔκλυσιν</em></strong></span> <span class='ocrx_word' id='word_1_72' title='bbox 743 1911 884 1986; x_wconf 77' lang='grc' dir='ltr'><strong><em>ἐξανύσαι</em></strong></span> 
     </span>
    </p>
   </div>
   <div class='ocr_carea' id='block_1_5' title="bbox 166 2012 1144 2096">
    <p class='ocr_par' dir='ltr' id='par_1_5' title="bbox 166 2012 1144 2096">
     <span class='ocr_line' id='line_1_11' title="bbox 166 2012 1144 2096; baseline 0.002 -20"><span class='ocrx_word' id='word_1_73' title='bbox 166 2012 220 2076; x_wconf 87' lang='lat' dir='ltr'>sed</span> <span class='ocrx_word' id='word_1_74' title='bbox 240 2034 305 2077; x_wconf 94' lang='lat' dir='ltr'>non</span> <span class='ocrx_word' id='word_1_75' title='bbox 326 2012 528 2096; x_wconf 84' lang='lat' dir='ltr'>intellegitur</span> <span class='ocrx_word' id='word_1_76' title='bbox 546 2035 644 2078; x_wconf 71' lang='lat' dir='ltr'>&#39;cause</span> <span class='ocrx_word' id='word_1_77' title='bbox 665 2013 791 2078; x_wconf 85' lang='lat' dir='ltr'>erroris.</span> <span class='ocrx_word' id='word_1_78' title='bbox 816 2013 913 2077; x_wconf 89' lang='lat' dir='ltr'>Venit</span> <span class='ocrx_word' id='word_1_79' title='bbox 933 2013 967 2078; x_wconf 92' lang='lat' dir='ltr'>in</span> <span class='ocrx_word' id='word_1_80' title='bbox 987 2019 1144 2079; x_wconf 84' lang='lat' dir='ltr'>mentem:</span> 
     </span>
    </p>
   </div>
   <div class='ocr_carea' id='block_1_6' title="bbox 165 2121 1286 2419">
    <p class='ocr_par' dir='ltr' id='par_1_6' title="bbox 165 2121 1286 2419">
     <span class='ocr_line' id='line_1_12' title="bbox 407 2121 996 2198; baseline 0.002 -20"><span class='ocrx_word' id='word_1_81' title='bbox 407 2121 469 2178; x_wconf 74' lang='grc' dir='ltr'><strong><em>ἔστι</em></strong></span> <span class='ocrx_word' id='word_1_82' title='bbox 490 2141 539 2198; x_wconf 83' lang='grc' dir='ltr'>μοι</span> <span class='ocrx_word' id='word_1_83' title='bbox 561 2123 701 2198; x_wconf 78' lang='grc' dir='ltr'><strong><em>ἐξανύσαι</em></strong></span> <span class='ocrx_word' id='word_1_84' title='bbox 723 2123 790 2178; x_wconf 83' lang='grc' dir='ltr'><strong><em>τιν’</em></strong></span> <span class='ocrx_word' id='word_1_85' title='bbox 813 2123 914 2179; x_wconf 81' lang='grc' dir='ltr'><strong><em>ὀδόν·</em></strong></span> <span class='ocrx_word' id='word_1_86' title='bbox 936 2125 996 2180; x_wconf 80' lang='grc' dir='ltr'><strong><em>ντὲ.</em></strong></span> 
     </span>
     <span class='ocr_line' id='line_1_13' title="bbox 165 2225 1286 2310; baseline 0.004 -22"><span class='ocrx_word' id='word_1_87' title='bbox 165 2230 202 2290; x_wconf 89' lang='lat' dir='ltr'>ut</span> <span class='ocrx_word' id='word_1_88' title='bbox 228 2230 293 2292; x_wconf 76' lang='grc' dir='ltr'>ὁδός</span> <span class='ocrx_word' id='word_1_89' title='bbox 319 2225 380 2303; x_wconf 85' lang='lat' dir='ltr'>hio,</span> <span class='ocrx_word' id='word_1_90' title='bbox 408 2230 446 2290; x_wconf 89' lang='lat' dir='ltr'>ut</span> <span class='ocrx_word' id='word_1_91' title='bbox 466 2227 592 2308; x_wconf 77' lang='lat' dir='ltr'>saepius</span> <span class='ocrx_word' id='word_1_92' title='bbox 615 2227 702 2304; x_wconf 81' lang='lat' dir='ltr'>alibi,</span> <span class='ocrx_word' id='word_1_93' title='bbox 723 2231 914 2308; x_wconf 82' lang='lat' dir='ltr'>usurpatum</span> <span class='ocrx_word' id='word_1_94' title='bbox 935 2228 977 2291; x_wconf 87' lang='lat' dir='ltr'>sit</span> <span class='ocrx_word' id='word_1_95' title='bbox 999 2249 1094 2292; x_wconf 90' lang='lat' dir='ltr'>sensu</span> <span class='ocrx_word' id='word_1_96' title='bbox 1116 2228 1286 2310; x_wconf 85' lang='lat' dir='ltr'>metapho-</span> 
     </span>
     <span class='ocr_line' id='line_1_14' title="bbox 165 2332 1285 2419; baseline -0.004 -23"><span class='ocrx_word' id='word_1_97' title='bbox 165 2332 232 2396; x_wconf 86' lang='lat' dir='ltr'>rioo</span> <span class='ocrx_word' id='word_1_98' title='bbox 254 2353 313 2413; x_wconf 89' lang='lat' dir='ltr'>pro</span> <span class='ocrx_word' id='word_1_99' title='bbox 336 2337 428 2419; x_wconf 73' lang='grc' dir='ltr'><strong><em>παρος.</em></strong></span> <span class='ocrx_word' id='word_1_100' title='bbox 450 2332 681 2397; x_wconf 80' lang='lat' dir='ltr'>Gleditschium</span> <span class='ocrx_word' id='word_1_101' title='bbox 700 2355 784 2398; x_wconf 84' lang='lat' dir='ltr'>nune</span> <span class='ocrx_word' id='word_1_102' title='bbox 802 2335 894 2398; x_wconf 88' lang='lat' dir='ltr'>video</span> <span class='ocrx_word' id='word_1_103' title='bbox 912 2334 1084 2398; x_wconf 85' lang='lat' dir='ltr'>coniecisse</span> <span class='ocrx_word' id='word_1_104' title='bbox 1102 2354 1137 2392; x_wconf 85' lang='grc' dir='ltr'>τι</span> <span class='ocrx_word' id='word_1_105' title='bbox 1156 2340 1285 2403; x_wconf 75' lang='grc' dir='ltr'><strong><em>ποτόν,</em></strong></span> 
     </span>
    </p>
   </div>
   <div class='ocr_carea' id='block_1_7' title="bbox 166 2439 1286 2624">
    <p class='ocr_par' dir='ltr' id='par_1_7' title="bbox 166 2439 1286 2624">
     <span class='ocr_line' id='line_1_15' title="bbox 166 2439 1286 2523; baseline -0.005 -21"><span class='ocrx_word' id='word_1_106' title='bbox 166 2459 248 2518; x_wconf 85' lang='lat' dir='ltr'>quae</span> <span class='ocrx_word' id='word_1_107' title='bbox 279 2439 377 2503; x_wconf 82' lang='lat' dir='ltr'>verbe</span> <span class='ocrx_word' id='word_1_108' title='bbox 406 2461 521 2521; x_wconf 83' lang='lat' dir='ltr'>parum</span> <span class='ocrx_word' id='word_1_109' title='bbox 549 2445 625 2522; x_wconf 84' lang='lat' dir='ltr'>apte</span> <span class='ocrx_word' id='word_1_110' title='bbox 652 2440 812 2523; x_wconf 77' lang='lat' dir='ltr'>exciperet</span> <span class='ocrx_word' id='word_1_111' title='bbox 839 2442 924 2521; x_wconf 92' lang='lat' dir='ltr'>quod</span> <span class='ocrx_word' id='word_1_112' title='bbox 953 2440 1098 2521; x_wconf 89' lang='lat' dir='ltr'>sequitur</span> <span class='ocrx_word' id='word_1_113' title='bbox 1125 2445 1286 2498; x_wconf 78' lang='grc' dir='ltr'><strong><em>τοιαῦτα</em></strong></span> 
     </span>
     <span class='ocr_line' id='line_1_16' title="bbox 167 2549 350 2624; baseline 0.011 -21"><span class='ocrx_word' id='word_1_114' title='bbox 167 2551 247 2624; x_wconf 81' lang='grc' dir='ltr'><em>νέμει</em></span> <span class='ocrx_word' id='word_1_115' title='bbox 267 2549 350 2612; x_wconf 78' lang='grc' dir='ltr'><strong><em>Ζεύς.</em></strong></span> 
     </span>
    </p>
   </div>
   <div class='ocr_carea' id='block_1_8' title="bbox 165 2731 1287 3366">
    <p class='ocr_par' dir='ltr' id='par_1_8' title="bbox 166 2731 1144 2920">
     <span class='ocr_line' id='line_1_17' title="bbox 166 2731 1144 2813; baseline 0.001 -21"><span class='ocrx_word' id='word_1_116' title='bbox 166 2731 280 2798; x_wconf 77' lang='lat' dir='ltr'><strong>Trach.</strong></span> <span class='ocrx_word' id='word_1_117' title='bbox 304 2733 381 2798; x_wconf 81' lang='lat'>1058</span> <span class='ocrx_word' id='word_1_118' title='bbox 403 2737 454 2792; x_wconf 81' lang='grc' dir='ltr'>κού</span> <span class='ocrx_word' id='word_1_119' title='bbox 477 2739 574 2792; x_wconf 77' lang='grc' dir='ltr'><strong><em>ταῦτα</em></strong></span> <span class='ocrx_word' id='word_1_120' title='bbox 602 2739 704 2813; x_wconf 71' lang='grc' dir='ltr'><em>λόγχη</em></span> <span class='ocrx_word' id='word_1_121' title='bbox 728 2738 878 2804; x_wconf 74' lang='grc' dir='ltr'><strong><em>πεδιας,</em></strong></span> <span class='ocrx_word' id='word_1_122' title='bbox 900 2736 958 2794; x_wconf 82' lang='grc' dir='ltr'><strong><em>αὔθ’</em></strong></span> <span class='ocrx_word' id='word_1_123' title='bbox 980 2740 992 2794; x_wconf 86' lang='grc' dir='ltr'>ὁ</span> <span class='ocrx_word' id='word_1_124' title='bbox 1011 2739 1144 2813; x_wconf 69' lang='grc' dir='ltr'><strong><em>γηγενὴς</em></strong></span> 
     </span>
     <span class='ocr_line' id='line_1_18' title="bbox 402 2844 713 2920; baseline 0.01 -22"><span class='ocrx_word' id='word_1_125' title='bbox 402 2844 528 2920; x_wconf 81' lang='grc' dir='ltr'><strong><em>στρατὸς</em></strong></span> <span class='ocrx_word' id='word_1_126' title='bbox 549 2844 713 2918; x_wconf 77' lang='grc' dir='ltr'><strong><em>Γιγαντων.</em></strong></span> 
     </span>
    </p>

    <p class='ocr_par' dir='ltr' id='par_1_9' title="bbox 165 2946 1287 3366">
     <span class='ocr_line' id='line_1_19' title="bbox 206 2946 1285 3047; baseline -0.003 -36"><span class='ocrx_word' id='word_1_127' title='bbox 206 2946 270 3013; x_wconf 77' lang='lat' dir='ltr'>Fac</span> <span class='ocrx_word' id='word_1_128' title='bbox 300 2970 410 3013; x_wconf 80' lang='lat' dir='ltr'>revera</span> <span class='ocrx_word' id='word_1_129' title='bbox 438 2953 562 3008; x_wconf 73' lang='grc' dir='ltr'><strong><em>πεδιάδα</em></strong></span> <span class='ocrx_word' id='word_1_130' title='bbox 590 2954 712 3029; x_wconf 70' lang='grc' dir='ltr'><strong><em>λόγχην</em></strong></span> <span class='ocrx_word' id='word_1_131' title='bbox 739 2949 803 3014; x_wconf 84' lang='lat' dir='ltr'>dici</span> <span class='ocrx_word' id='word_1_132' title='bbox 828 2950 972 3032; x_wconf 82' lang='lat' dir='ltr'>potuisse</span> <span class='ocrx_word' id='word_1_133' title='bbox 1000 2955 1065 3047; x_wconf 64' lang='grc' dir='ltr'>τὴν1</span> <span class='ocrx_word' id='word_1_134' title='bbox 1083 2955 1114 3009; x_wconf 84' lang='grc' dir='ltr'><strong><em>έν</em></strong></span> <span class='ocrx_word' id='word_1_135' title='bbox 1135 2951 1175 3026; x_wconf 81' lang='grc' dir='ltr'>τῷ</span> <span class='ocrx_word' id='word_1_136' title='bbox 1198 2954 1285 3027; x_wconf 75' lang='grc' dir='ltr'><em>πεδίῳ</em></span> 
     </span>
     <span class='ocr_line' id='line_1_20' title="bbox 165 3047 1287 3135; baseline -0.004 -9"><span class='ocrx_word' id='word_1_137' title='bbox 165 3059 368 3135; x_wconf 67' lang='grc' dir='ltr'><strong><em>βαλλομένην,</em></strong></span> <span class='ocrx_word' id='word_1_138' title='bbox 389 3056 440 3122; x_wconf 83' lang='lat' dir='ltr'>vel</span> <span class='ocrx_word' id='word_1_139' title='bbox 460 3057 505 3122; x_wconf 89' lang='lat' dir='ltr'>sic</span> <span class='ocrx_word' id='word_1_140' title='bbox 528 3058 607 3123; x_wconf 80' lang='lat' dir='ltr'>adeo</span> <span class='ocrx_word' id='word_1_141' title='bbox 629 3057 765 3121; x_wconf 83' lang='lat' dir='ltr'>obscura</span> <span class='ocrx_word' id='word_1_142' title='bbox 785 3047 865 3122; x_wconf 85' lang='lat' dir='ltr'>haee</span> <span class='ocrx_word' id='word_1_143' title='bbox 886 3057 991 3122; x_wconf 83' lang='lat' dir='ltr'>oratio</span> <span class='ocrx_word' id='word_1_144' title='bbox 1012 3061 1071 3132; x_wconf 81' lang='lat' dir='ltr'>est,</span> <span class='ocrx_word' id='word_1_145' title='bbox 1093 3061 1129 3121; x_wconf 90' lang='lat' dir='ltr'>ut</span> <span class='ocrx_word' id='word_1_146' title='bbox 1150 3057 1287 3121; x_wconf 88' lang='lat' dir='ltr'>multum</span> 
     </span>
     <span class='ocr_line' id='line_1_21' title="bbox 166 3162 1286 3245; baseline 0 -18"><span class='ocrx_word' id='word_1_147' title='bbox 166 3185 278 3228; x_wconf 87' lang='lat' dir='ltr'>vereor</span> <span class='ocrx_word' id='word_1_148' title='bbox 298 3186 338 3228; x_wconf 92' lang='lat' dir='ltr'>ne</span> <span class='ocrx_word' id='word_1_149' title='bbox 359 3165 546 3230; x_wconf 88' lang='lat' dir='ltr'>mendosum</span> <span class='ocrx_word' id='word_1_150' title='bbox 568 3164 610 3228; x_wconf 90' lang='lat' dir='ltr'>sit</span> <span class='ocrx_word' id='word_1_151' title='bbox 632 3166 778 3223; x_wconf 78' lang='grc' dir='ltr'><strong><em>νεΔΙΑΣ.</em></strong></span> <span class='ocrx_word' id='word_1_152' title='bbox 800 3163 980 3229; x_wconf 89' lang='lat' dir='ltr'>Videndum</span> <span class='ocrx_word' id='word_1_153' title='bbox 997 3164 1099 3245; x_wconf 87' lang='lat' dir='ltr'>igitur</span> <span class='ocrx_word' id='word_1_154' title='bbox 1117 3186 1158 3228; x_wconf 88' lang='lat' dir='ltr'>an</span> <span class='ocrx_word' id='word_1_155' title='bbox 1176 3162 1286 3228; x_wconf 78' lang='lat' dir='ltr'>Cicero</span> 
     </span>
     <span class='ocr_line' id='line_1_22' title="bbox 167 3271 1286 3366; baseline 0.001 -32"><span class='ocrx_word' id='word_1_156' title='bbox 167 3276 293 3344; x_wconf 84' lang='lat' dir='ltr'>vertens</span> <span class='ocrx_word' id='word_1_157' title='bbox 314 3271 486 3366; x_wconf 67' lang='lat' dir='ltr'>hostilis</span> <span class='ocrx_word' id='word_1_158' title='bbox 507 3272 654 3336; x_wconf 80' lang='lat' dir='ltr'>dextro</span> <span class='ocrx_word' id='word_1_159' title='bbox 674 3276 748 3335; x_wconf 84' lang='lat' dir='ltr'>ante</span> <span class='ocrx_word' id='word_1_160' title='bbox 769 3271 878 3336; x_wconf 87' lang='lat' dir='ltr'>oculos</span> <span class='ocrx_word' id='word_1_161' title='bbox 896 3271 1046 3336; x_wconf 84' lang='lat' dir='ltr'>habuerit</span> <span class='ocrx_word' id='word_1_162' title='bbox 1064 3273 1202 3340; x_wconf 88' lang='grc' dir='ltr'>ΔΑΙΟΣ,</span> <span class='ocrx_word' id='word_1_163' title='bbox 1220 3271 1240 3334; x_wconf 91' lang='lat' dir='ltr'>i.</span> <span class='ocrx_word' id='word_1_164' title='bbox 1260 3292 1286 3334; x_wconf 86' lang='lat' dir='ltr'>e.</span> 
     </span>
    </p>
   </div>
   <div class='ocr_carea' id='block_1_9' title="bbox 166 3376 1283 3564">
    <p class='ocr_par' dir='ltr' id='par_1_10' title="bbox 166 3376 1283 3564">
     <span class='ocr_line' id='line_1_23' title="bbox 166 3376 1283 3461; baseline 0.002 -23"><span class='ocrx_word' id='word_1_165' title='bbox 166 3384 269 3457; x_wconf 71' lang='grc' dir='ltr'><em>λόγχη</em></span> <span class='ocrx_word' id='word_1_166' title='bbox 299 3383 396 3451; x_wconf 69' lang='grc' dir='ltr'><strong><em>δαῖος.</em></strong></span> <span class='ocrx_word' id='word_1_167' title='bbox 420 3379 472 3456; x_wconf 86' lang='lat' dir='ltr'>Ad</span> <span class='ocrx_word' id='word_1_168' title='bbox 493 3378 630 3443; x_wconf 84' lang='lat' dir='ltr'>formam</span> <span class='ocrx_word' id='word_1_169' title='bbox 652 3400 853 3444; x_wconf 81' lang='lat' dir='ltr'>communem</span> <span class='ocrx_word' id='word_1_170' title='bbox 874 3378 913 3444; x_wconf 86' lang='lat' dir='ltr'>ef.</span> <span class='ocrx_word' id='word_1_171' title='bbox 935 3378 1047 3461; x_wconf 82' lang='lat' dir='ltr'>Eurip.</span> <span class='ocrx_word' id='word_1_172' title='bbox 1070 3376 1185 3442; x_wconf 84' lang='lat' dir='ltr'>Troad.</span> <span class='ocrx_word' id='word_1_173' title='bbox 1209 3378 1283 3441; x_wconf 84' lang='lat'>1301</span> 
     </span>
     <span class='ocr_line' id='line_1_24' title="bbox 167 3483 1201 3564; baseline -0.001 -16"><span class='ocrx_word' id='word_1_174' title='bbox 167 3488 200 3549; x_wconf 91' lang='lat' dir='ltr'>et</span> <span class='ocrx_word' id='word_1_175' title='bbox 219 3483 314 3549; x_wconf 86' lang='lat' dir='ltr'>Hero.</span> <span class='ocrx_word' id='word_1_176' title='bbox 335 3486 404 3564; x_wconf 82' lang='lat'>915,</span> <span class='ocrx_word' id='word_1_177' title='bbox 425 3486 466 3550; x_wconf 86' lang='lat' dir='ltr'>ad</span> <span class='ocrx_word' id='word_1_178' title='bbox 485 3490 684 3550; x_wconf 83' lang='lat' dir='ltr'>contractam</span> <span class='ocrx_word' id='word_1_179' title='bbox 705 3485 821 3550; x_wconf 86' lang='lat' dir='ltr'>Aeseh.</span> <span class='ocrx_word' id='word_1_180' title='bbox 841 3485 931 3550; x_wconf 87' lang='lat' dir='ltr'>Pers.</span> <span class='ocrx_word' id='word_1_181' title='bbox 951 3485 1020 3548; x_wconf 84' lang='lat'>271.</span> <span class='ocrx_word' id='word_1_182' title='bbox 1043 3485 1111 3548; x_wconf 81' lang='lat'><strong>282.</strong></span> <span class='ocrx_word' id='word_1_183' title='bbox 1131 3485 1201 3562; x_wconf 79' lang='lat'><strong>286,</strong></span> 
     </span>
    </p>
   </div>
   <div class='ocr_carea' id='block_1_10' title="bbox 165 3670 1287 4184">
    <p class='ocr_par' dir='ltr' id='par_1_11' title="bbox 165 3670 1287 4184">
     <span class='ocr_line' id='line_1_25' title="bbox 166 3670 1116 3751; baseline -0.007 -14"><span class='ocrx_word' id='word_1_184' title='bbox 166 3670 281 3737; x_wconf 79' lang='lat' dir='ltr'><strong>Traoh.</strong></span> <span class='ocrx_word' id='word_1_185' title='bbox 303 3674 380 3738; x_wconf 86' lang='lat'>1107</span> <span class='ocrx_word' id='word_1_186' title='bbox 403 3677 473 3732; x_wconf 84' lang='grc' dir='ltr'><strong><em>αλλ’</em></strong></span> <span class='ocrx_word' id='word_1_187' title='bbox 495 3671 527 3732; x_wconf 83' lang='grc' dir='ltr'><strong><em>εα</em></strong></span> <span class='ocrx_word' id='word_1_188' title='bbox 548 3680 585 3750; x_wconf 79' lang='grc' dir='ltr'>γέ</span> <span class='ocrx_word' id='word_1_189' title='bbox 605 3695 648 3733; x_wconf 83' lang='grc' dir='ltr'>τοι</span> <span class='ocrx_word' id='word_1_190' title='bbox 670 3677 730 3733; x_wconf 81' lang='grc' dir='ltr'>τόδ’</span> <span class='ocrx_word' id='word_1_191' title='bbox 752 3677 826 3742; x_wconf 68' lang='grc' dir='ltr'><strong><em>ἴστε,</em></strong></span> <span class='ocrx_word' id='word_1_192' title='bbox 849 3675 904 3731; x_wconf 95' lang='grc' dir='ltr'>ναν</span> <span class='ocrx_word' id='word_1_193' title='bbox 926 3677 958 3732; x_wconf 82' lang='grc' dir='ltr'>τὸ</span> <span class='ocrx_word' id='word_1_194' title='bbox 978 3676 1072 3751; x_wconf 71' lang='grc' dir='ltr'><strong><em>μηδὲν</em></strong></span> <span class='ocrx_word' id='word_1_195' title='bbox 1094 3675 1116 3730; x_wconf 85' lang='grc' dir='ltr'><em>ὦ</em></span> 
     </span>
     <span class='ocr_line' id='line_1_26' title="bbox 404 3774 1120 3861; baseline 0 -23"><span class='ocrx_word' id='word_1_196' title='bbox 404 3774 473 3839; x_wconf 86' lang='grc' dir='ltr'>ναν</span> <span class='ocrx_word' id='word_1_197' title='bbox 494 3785 588 3860; x_wconf 72' lang='grc' dir='ltr'><strong><em>μηδὲν</em></strong></span> <span class='ocrx_word' id='word_1_198' title='bbox 610 3784 719 3861; x_wconf 72' lang='grc' dir='ltr'><em>ἕρπω,</em></span> <span class='ocrx_word' id='word_1_199' title='bbox 741 3785 797 3858; x_wconf 64' lang='grc' dir='ltr'><strong><em>τήν</em></strong></span> <span class='ocrx_word' id='word_1_200' title='bbox 817 3802 853 3857; x_wconf 71' lang='grc' dir='ltr'>γε</span> <span class='ocrx_word' id='word_1_201' title='bbox 874 3783 1027 3860; x_wconf 79' lang='grc' dir='ltr'><strong><em>δρασασαν</em></strong></span> <span class='ocrx_word' id='word_1_202' title='bbox 1049 3784 1120 3839; x_wconf 71' lang='grc' dir='ltr'>τάδε</span> 
     </span>
     <span class='ocr_line' id='line_1_27' title="bbox 404 3892 789 3968; baseline 0 -21"><span class='ocrx_word' id='word_1_203' title='bbox 404 3893 587 3968; x_wconf 79' lang='grc' dir='ltr'><strong><em>χειρώσομαι</em></strong></span> <span class='ocrx_word' id='word_1_204' title='bbox 608 3895 666 3947; x_wconf 84' lang='grc' dir='ltr'>ναν</span> <span class='ocrx_word' id='word_1_205' title='bbox 687 3892 789 3947; x_wconf 74' lang='grc' dir='ltr'><strong><em>τῶνδε.</em></strong></span> 
     </span>
     <span class='ocr_line' id='line_1_28' title="bbox 204 3992 1287 4075; baseline 0 -18"><span class='ocrx_word' id='word_1_206' title='bbox 204 3992 255 4057; x_wconf 91' lang='lat' dir='ltr'>De</span> <span class='ocrx_word' id='word_1_207' title='bbox 276 3994 414 4059; x_wconf 79' lang='lat' dir='ltr'>sanitate</span> <span class='ocrx_word' id='word_1_208' title='bbox 437 3997 607 4060; x_wconf 87' lang='lat' dir='ltr'>verborum</span> <span class='ocrx_word' id='word_1_209' title='bbox 628 3998 684 4054; x_wconf 90' lang='grc' dir='ltr'>ναν</span> <span class='ocrx_word' id='word_1_210' title='bbox 705 3999 799 4075; x_wconf 70' lang='grc' dir='ltr'><strong><em>μηδὲν</em></strong></span> <span class='ocrx_word' id='word_1_211' title='bbox 816 3997 891 4075; x_wconf 69' lang='grc' dir='ltr'><strong><em>ἔρσα</em></strong></span> <span class='ocrx_word' id='word_1_212' title='bbox 910 3993 1025 4059; x_wconf 82' lang='lat' dir='ltr'>merito</span> <span class='ocrx_word' id='word_1_213' title='bbox 1042 3992 1189 4056; x_wconf 83' lang='lat' dir='ltr'>dubitare</span> <span class='ocrx_word' id='word_1_214' title='bbox 1199 3992 1287 4058; x_wconf 87' lang='lat' dir='ltr'>vide·</span> 
     </span>
     <span class='ocr_line' id='line_1_29' title="bbox 165 4079 1286 4184; baseline 0.003 -23"><span class='ocrx_word' id='word_1_215' title='bbox 165 4101 219 4162; x_wconf 90' lang='lat' dir='ltr'>tur</span> <span class='ocrx_word' id='word_1_216' title='bbox 246 4079 453 4179; x_wconf 72' lang='lat' dir='ltr'>Sehmidtius</span> <span class='ocrx_word' id='word_1_217' title='bbox 481 4101 567 4166; x_wconf 81' lang='lat' dir='ltr'>haud</span> <span class='ocrx_word' id='word_1_218' title='bbox 594 4123 670 4167; x_wconf 84' lang='lat' dir='ltr'>sane</span> <span class='ocrx_word' id='word_1_219' title='bbox 693 4102 803 4184; x_wconf 90' lang='lat' dir='ltr'>inepte</span> <span class='ocrx_word' id='word_1_220' title='bbox 825 4101 985 4166; x_wconf 82' lang='lat' dir='ltr'>coniciens</span> <span class='ocrx_word' id='word_1_221' title='bbox 1006 4101 1062 4157; x_wconf 84' lang='grc' dir='ltr'>ναν</span> <span class='ocrx_word' id='word_1_222' title='bbox 1083 4102 1176 4178; x_wconf 71' lang='grc' dir='ltr'><strong><em>μηδὲν</em></strong></span> <span class='ocrx_word' id='word_1_223' title='bbox 1198 4106 1286 4179; x_wconf 67' lang='lat' dir='ltr'>spuo.</span> 
     </span>
    </p>
   </div>
   <div class='ocr_carea' id='block_1_11' title="bbox 165 4203 1207 4354">
    <p class='ocr_par' dir='ltr' id='par_1_12' title="bbox 165 4203 1207 4354">
     <span class='ocr_line' id='line_1_30' title="bbox 165 4203 1159 4289; baseline 0.003 -21"><span class='ocrx_word' id='word_1_224' title='bbox 165 4203 318 4272; x_wconf 75' lang='lat' dir='ltr'>Fortasse</span> <span class='ocrx_word' id='word_1_225' title='bbox 338 4211 446 4273; x_wconf 84' lang='lat' dir='ltr'>tamen</span> <span class='ocrx_word' id='word_1_226' title='bbox 467 4207 600 4273; x_wconf 83' lang='lat' dir='ltr'>verbum</span> <span class='ocrx_word' id='word_1_227' title='bbox 623 4208 742 4273; x_wconf 85' lang='lat' dir='ltr'>servari</span> <span class='ocrx_word' id='word_1_228' title='bbox 763 4210 881 4289; x_wconf 83' lang='lat' dir='ltr'>potest,</span> <span class='ocrx_word' id='word_1_229' title='bbox 902 4207 997 4271; x_wconf 88' lang='lat' dir='ltr'>modo</span> <span class='ocrx_word' id='word_1_230' title='bbox 1018 4206 1159 4288; x_wconf 80' lang='lat' dir='ltr'>legatur:</span> 
     </span>
     <span class='ocr_line' id='line_1_31' title="bbox 1194 4314 1207 4354; baseline 0 0"><span class='ocrx_word' id='word_1_231' title='bbox 1194 4314 1207 4354; x_wconf 80' lang='grc' dir='ltr'><strong><em>ι</em></strong></span> 
     </span>
    </p>
   </div>
   <div class='ocr_carea' id='block_1_12' title="bbox 0 0 1588 5002">
    <p class='ocr_par' dir='ltr' id='par_1_13' title="bbox 0 0 1588 5002">
     <span class='ocr_line' id='line_1_32' title="bbox 0 0 1588 5002; baseline 0 0"><span class='ocrx_word' id='word_1_232' title='bbox 0 0 1588 5002; x_wconf 95' lang='lat' dir='ltr'> </span> 
     </span>
    </p>
   </div>
  </div>
 </body>
</html>
