<?xml version="1.0" encoding="UTF-8"?>
<!DOCTYPE html PUBLIC "-//W3C//DTD XHTML 1.0 Transitional//EN"
    "http://www.w3.org/TR/xhtml1/DTD/xhtml1-transitional.dtd">
<html xmlns="http://www.w3.org/1999/xhtml" xml:lang="en" lang="en">
 <head>
  <title>
</title>
<meta http-equiv="Content-Type" content="text/html;charset=utf-8" />
  <meta name='ocr-system' content='tesseract 3.04.00' />
  <meta name='ocr-capabilities' content='ocr_page ocr_carea ocr_par ocr_line ocrx_word'/>
</head>
<body>
  <div class='ocr_page' id='page_1' title='image "./lucubrationesso00herwgoog_0078.png"; bbox 0 0 3166 5002; ppageno 0'>
   <div class='ocr_carea' id='block_1_1' title="bbox 750 555 788 618">
    <p class='ocr_par' dir='ltr' id='par_1_1' title="bbox 750 555 788 618">
     <span class='ocr_line' id='line_1_1' title="bbox 750 555 788 618; baseline 0 0"><span class='ocrx_word' id='word_1_1' title='bbox 750 555 788 618; x_wconf 88' lang='grc'>71</span> 
     </span>
    </p>
   </div>
   <div class='ocr_carea' id='block_1_2' title="bbox 207 741 1327 1042">
    <p class='ocr_par' dir='ltr' id='par_1_2' title="bbox 207 741 1327 1042">
     <span class='ocr_line' id='line_1_2' title="bbox 208 741 1327 827; baseline -0.004 -19"><span class='ocrx_word' id='word_1_2' title='bbox 208 767 290 826; x_wconf 86' lang='lat' dir='ltr'>quae</span> <span class='ocrx_word' id='word_1_3' title='bbox 317 744 429 827; x_wconf 87' lang='lat' dir='ltr'>paullo</span> <span class='ocrx_word' id='word_1_4' title='bbox 457 748 533 827; x_wconf 86' lang='lat' dir='ltr'>post</span> <span class='ocrx_word' id='word_1_5' title='bbox 560 743 637 808; x_wconf 83' lang='lat' dir='ltr'>dicit</span> <span class='ocrx_word' id='word_1_6' title='bbox 664 765 693 807; x_wconf 89' lang='lat' dir='ltr'>v.</span> <span class='ocrx_word' id='word_1_7' title='bbox 719 743 779 806; x_wconf 87' lang='grc'>466</span> <span class='ocrx_word' id='word_1_8' title='bbox 807 765 854 823; x_wconf 86' lang='lat' dir='ltr'>sq.</span> <span class='ocrx_word' id='word_1_9' title='bbox 884 741 1001 811; x_wconf 83' lang='lat' dir='ltr'>Prodit¹</span> <span class='ocrx_word' id='word_1_10' title='bbox 1023 747 1131 807; x_wconf 90' lang='lat' dir='ltr'>autem</span> <span class='ocrx_word' id='word_1_11' title='bbox 1162 741 1327 806; x_wconf 82' lang='lat' dir='ltr'>falsarium</span> 
     </span>
     <span class='ocr_line' id='line_1_3' title="bbox 207 848 1327 932; baseline -0.003 -17"><span class='ocrx_word' id='word_1_12' title='bbox 207 851 302 917; x_wconf 90' lang='lat' dir='ltr'>metri</span> <span class='ocrx_word' id='word_1_13' title='bbox 323 849 498 932; x_wconf 85' lang='lat' dir='ltr'>Sophoclei</span> <span class='ocrx_word' id='word_1_14' title='bbox 519 848 693 930; x_wconf 83' lang='lat' dir='ltr'>imperitia,</span> <span class='ocrx_word' id='word_1_15' title='bbox 714 848 741 912; x_wconf 84' lang='lat' dir='ltr'>si</span> <span class='ocrx_word' id='word_1_16' title='bbox 762 848 891 929; x_wconf 90' lang='lat' dir='ltr'>quidem</span> <span class='ocrx_word' id='word_1_17' title='bbox 908 849 1078 931; x_wconf 83' lang='lat' dir='ltr'>trisyllaba</span> <span class='ocrx_word' id='word_1_18' title='bbox 1095 870 1157 913; x_wconf 85' lang='lat' dir='ltr'>vox</span> <span class='ocrx_word' id='word_1_19' title='bbox 1180 848 1327 929; x_wconf 88' lang='lat' dir='ltr'>quintum</span> 
     </span>
     <span class='ocr_line' id='line_1_4' title="bbox 207 956 869 1042; baseline -0.008 -20"><span class='ocrx_word' id='word_1_20' title='bbox 207 959 320 1042; x_wconf 88' lang='lat' dir='ltr'>pedem</span> <span class='ocrx_word' id='word_1_21' title='bbox 342 956 483 1022; x_wconf 85' lang='lat' dir='ltr'>efficiens</span> <span class='ocrx_word' id='word_1_22' title='bbox 505 957 619 1020; x_wconf 84' lang='lat' dir='ltr'>vitiosa</span> <span class='ocrx_word' id='word_1_23' title='bbox 641 959 698 1020; x_wconf 84' lang='lat' dir='ltr'>est.</span> <span class='ocrx_word' id='word_1_24' title='bbox 781 989 784 995; x_wconf 26' lang='grc' dir='ltr'><strong><em>Δ</em></strong></span> <span class='ocrx_word' id='word_1_25' title='bbox 866 989 869 996; x_wconf 86' lang='grc'>·</span> 
     </span>
    </p>
   </div>
   <div class='ocr_carea' id='block_1_3' title="bbox 207 1169 1329 1678">
    <p class='ocr_par' dir='ltr' id='par_1_3' title="bbox 207 1169 1329 1678">
     <span class='ocr_line' id='line_1_5' title="bbox 208 1169 1149 1247; baseline -0.011 -12"><span class='ocrx_word' id='word_1_26' title='bbox 208 1170 298 1235; x_wconf 86' lang='lat' dir='ltr'>Aiao.</span> <span class='ocrx_word' id='word_1_27' title='bbox 318 1171 378 1234; x_wconf 86' lang='grc'>460</span> <span class='ocrx_word' id='word_1_28' title='bbox 759 1173 928 1245; x_wconf 83' lang='grc' dir='ltr'><strong><em>ναολύχονς</em></strong></span> <span class='ocrx_word' id='word_1_29' title='bbox 948 1171 1043 1226; x_wconf 82' lang='grc' dir='ltr'><strong><em>λιτὼν</em></strong></span> <span class='ocrx_word' id='word_1_30' title='bbox 1064 1169 1149 1247; x_wconf 74' lang='grc' dir='ltr'><strong><em>ἕδρας</em></strong></span> 
     </span>
     <span class='ocr_line' id='line_1_6' title="bbox 397 1277 767 1355; baseline 0 -21"><span class='ocrx_word' id='word_1_31' title='bbox 397 1284 534 1355; x_wconf 79' lang='grc' dir='ltr'><em>μόνους</em></span> <span class='ocrx_word' id='word_1_32' title='bbox 554 1281 581 1333; x_wconf 91' lang='grc' dir='ltr'>τ’</span> <span class='ocrx_word' id='word_1_33' title='bbox 604 1277 767 1355; x_wconf 70' lang='grc' dir='ltr'>Ἀτρείδαις.</span> 
     </span>
     <span class='ocr_line' id='line_1_7' title="bbox 247 1374 1328 1461; baseline -0.008 -14"><span class='ocrx_word' id='word_1_34' title='bbox 247 1382 315 1447; x_wconf 81' lang='lat' dir='ltr'>Alii</span> <span class='ocrx_word' id='word_1_35' title='bbox 336 1383 398 1446; x_wconf 89' lang='lat' dir='ltr'>alia</span> <span class='ocrx_word' id='word_1_36' title='bbox 417 1382 632 1447; x_wconf 84' lang='lat' dir='ltr'>coniecerunt:</span> <span class='ocrx_word' id='word_1_37' title='bbox 655 1385 783 1450; x_wconf 77' lang='grc' dir='ltr'><strong><em>δισσούς,</em></strong></span> <span class='ocrx_word' id='word_1_38' title='bbox 805 1374 945 1460; x_wconf 74' lang='grc' dir='ltr'><strong><em>γυμνούς,</em></strong></span> <span class='ocrx_word' id='word_1_39' title='bbox 968 1384 1073 1459; x_wconf 73' lang='grc' dir='ltr'><strong><em>ὠμούς,</em></strong></span> <span class='ocrx_word' id='word_1_40' title='bbox 1094 1384 1223 1461; x_wconf 84' lang='grc' dir='ltr'><strong><em>τροδούς.</em></strong></span> <span class='ocrx_word' id='word_1_41' title='bbox 1245 1380 1328 1444; x_wconf 86' lang='lat' dir='ltr'><strong>Mihi</strong></span> 
     </span>
     <span class='ocr_line' id='line_1_8' title="bbox 207 1487 1329 1573; baseline -0.001 -22"><span class='ocrx_word' id='word_1_42' title='bbox 207 1489 312 1573; x_wconf 84' lang='lat' dir='ltr'>placet</span> <span class='ocrx_word' id='word_1_43' title='bbox 333 1495 512 1568; x_wconf 82' lang='grc' dir='ltr'><strong><em>ἀνόμους,</em></strong></span> <span class='ocrx_word' id='word_1_44' title='bbox 534 1512 608 1553; x_wconf 87' lang='lat' dir='ltr'>nam</span> <span class='ocrx_word' id='word_1_45' title='bbox 630 1489 669 1554; x_wconf 90' lang='lat' dir='ltr'>da</span> <span class='ocrx_word' id='word_1_46' title='bbox 687 1489 875 1552; x_wconf 81' lang='lat' dir='ltr'>Atridarum</span> <span class='ocrx_word' id='word_1_47' title='bbox 892 1488 1050 1552; x_wconf 88' lang='lat' dir='ltr'>iniustitia</span> <span class='ocrx_word' id='word_1_48' title='bbox 1068 1495 1223 1571; x_wconf 89' lang='lat' dir='ltr'>perpetuo</span> <span class='ocrx_word' id='word_1_49' title='bbox 1245 1487 1329 1551; x_wconf 82' lang='lat' dir='ltr'>Aiax</span> 
     </span>
     <span class='ocr_line' id='line_1_9' title="bbox 208 1597 363 1678; baseline 0.006 -17"><span class='ocrx_word' id='word_1_50' title='bbox 208 1597 363 1678; x_wconf 87' lang='lat' dir='ltr'>queritur.</span> 
     </span>
    </p>
   </div>
   <div class='ocr_carea' id='block_1_4' title="bbox 206 1806 1331 4244">
    <p class='ocr_par' dir='ltr' id='par_1_4' title="bbox 206 1806 1149 2319">
     <span class='ocr_line' id='line_1_10' title="bbox 206 1806 1106 1892; baseline -0.01 -15"><span class='ocrx_word' id='word_1_51' title='bbox 206 1812 295 1877; x_wconf 85' lang='lat' dir='ltr'>Aiac.</span> <span class='ocrx_word' id='word_1_52' title='bbox 316 1813 377 1876; x_wconf 86' lang='grc'>434</span> <span class='ocrx_word' id='word_1_53' title='bbox 397 1814 464 1871; x_wconf 82' lang='grc' dir='ltr'><strong><em>ύτον</em></strong></span> <span class='ocrx_word' id='word_1_54' title='bbox 486 1815 582 1892; x_wconf 69' lang='grc' dir='ltr'><strong><em>πατὴρ</em></strong></span> <span class='ocrx_word' id='word_1_55' title='bbox 600 1816 655 1891; x_wconf 73' lang='grc' dir='ltr'>μὲν</span> <span class='ocrx_word' id='word_1_56' title='bbox 678 1815 764 1890; x_wconf 67' lang='grc' dir='ltr'><strong><em>τῆσδ’</em></strong></span> <span class='ocrx_word' id='word_1_57' title='bbox 786 1815 838 1870; x_wconf 75' lang='grc' dir='ltr'>ἀπ’</span> <span class='ocrx_word' id='word_1_58' title='bbox 859 1815 971 1877; x_wconf 71' lang='grc' dir='ltr'><strong><em>Ἰδαίας</em></strong></span> <span class='ocrx_word' id='word_1_59' title='bbox 991 1806 1106 1889; x_wconf 69' lang='grc' dir='ltr'><strong><em>χθονὸς</em></strong></span> 
     </span>
     <span class='ocr_line' id='line_1_11' title="bbox 397 1921 1149 1999; baseline -0.004 -21"><span class='ocrx_word' id='word_1_60' title='bbox 397 1925 556 1999; x_wconf 81' lang='grc' dir='ltr'><strong><em>τάτρῶτα</em></strong></span> <span class='ocrx_word' id='word_1_61' title='bbox 579 1925 802 1977; x_wconf 58' lang='lat' dir='ltr'>rutmors?</span> <span class='ocrx_word' id='word_1_62' title='bbox 823 1921 1001 1998; x_wconf 86' lang='grc' dir='ltr'><strong><em>ἀριστεύσας</em></strong></span> <span class='ocrx_word' id='word_1_63' title='bbox 1021 1924 1149 1998; x_wconf 87' lang='grc' dir='ltr'><strong><em>στρατοῦ</em></strong></span> 
     </span>
     <span class='ocr_line' id='line_1_12' title="bbox 398 2021 1084 2105; baseline -0.006 -20"><span class='ocrx_word' id='word_1_64' title='bbox 398 2030 467 2105; x_wconf 85' lang='grc' dir='ltr'><strong><em>τρὸς</em></strong></span> <span class='ocrx_word' id='word_1_65' title='bbox 488 2027 565 2084; x_wconf 78' lang='grc' dir='ltr'><strong><em>οἶκον</em></strong></span> <span class='ocrx_word' id='word_1_66' title='bbox 586 2021 665 2104; x_wconf 67' lang='grc' dir='ltr'>ἦλθε</span> <span class='ocrx_word' id='word_1_67' title='bbox 687 2035 787 2084; x_wconf 89' lang='grc' dir='ltr'><strong><em>τάσαν</em></strong></span> <span class='ocrx_word' id='word_1_68' title='bbox 809 2025 946 2083; x_wconf 83' lang='grc' dir='ltr'><strong><em>εύκλειαν</em></strong></span> <span class='ocrx_word' id='word_1_69' title='bbox 970 2023 1084 2104; x_wconf 79' lang='grc' dir='ltr'><strong><em>Φέρων·</em></strong></span> 
     </span>
     <span class='ocr_line' id='line_1_13' title="bbox 397 2132 1099 2209; baseline -0.004 -18"><span class='ocrx_word' id='word_1_70' title='bbox 397 2137 456 2209; x_wconf 79' lang='grc' dir='ltr'>ἐγὼ</span> <span class='ocrx_word' id='word_1_71' title='bbox 477 2135 504 2190; x_wconf 84' lang='grc' dir='ltr'>δ’</span> <span class='ocrx_word' id='word_1_72' title='bbox 527 2137 539 2191; x_wconf 86' lang='grc' dir='ltr'><strong><em>ἀ</em></strong></span> <span class='ocrx_word' id='word_1_73' title='bbox 562 2137 657 2191; x_wconf 72' lang='grc' dir='ltr'><strong><em>κείνου</em></strong></span> <span class='ocrx_word' id='word_1_74' title='bbox 677 2141 755 2201; x_wconf 77' lang='grc' dir='ltr'>ταὶς,</span> <span class='ocrx_word' id='word_1_75' title='bbox 777 2135 827 2190; x_wconf 88' lang='grc' dir='ltr'>τὸν</span> <span class='ocrx_word' id='word_1_76' title='bbox 848 2132 938 2189; x_wconf 80' lang='grc' dir='ltr'><strong><em>αύτάν</em></strong></span> <span class='ocrx_word' id='word_1_77' title='bbox 960 2136 990 2197; x_wconf 84' lang='grc' dir='ltr'>ἐς</span> <span class='ocrx_word' id='word_1_78' title='bbox 1011 2136 1099 2190; x_wconf 82' lang='grc' dir='ltr'><strong><em>τόσον</em></strong></span> 
     </span>
     <span class='ocr_line' id='line_1_14' title="bbox 396 2233 1083 2319; baseline 0 -23"><span class='ocrx_word' id='word_1_79' title='bbox 396 2241 426 2296; x_wconf 95' lang='grc' dir='ltr'>Τ</span> <span class='ocrx_word' id='word_1_80' title='bbox 434 2244 540 2319; x_wconf 76' lang='grc' dir='ltr'><strong><em>ροιας</em></strong></span> <span class='ocrx_word' id='word_1_81' title='bbox 560 2241 726 2297; x_wconf 79' lang='grc' dir='ltr'><strong><em>ἐσελθὼν</em></strong></span> <span class='ocrx_word' id='word_1_82' title='bbox 747 2241 798 2296; x_wconf 85' lang='grc' dir='ltr'>οὐκ</span> <span class='ocrx_word' id='word_1_83' title='bbox 819 2243 960 2296; x_wconf 84' lang='grc' dir='ltr'><strong><em>έλάσσονι</em></strong></span> <span class='ocrx_word' id='word_1_84' title='bbox 982 2233 1083 2299; x_wconf 66' lang='grc' dir='ltr'><strong><em>σθένει</em></strong></span> 
     </span>
    </p>

    <p class='ocr_par' dir='ltr' id='par_1_5' title="bbox 300 2345 1115 2534">
     <span class='ocr_line' id='line_1_15' title="bbox 300 2345 1115 2426; baseline -0.002 -22"><span class='ocrx_word' id='word_1_85' title='bbox 300 2421 303 2426; x_wconf 26' lang='grc' dir='ltr'>Ι</span> <span class='ocrx_word' id='word_1_86' title='bbox 398 2347 458 2404; x_wconf 76' lang='grc' dir='ltr'><strong><em>οὐδ’</em></strong></span> <span class='ocrx_word' id='word_1_87' title='bbox 480 2345 552 2424; x_wconf 75' lang='grc' dir='ltr'><strong><em>ἔργα</em></strong></span> <span class='ocrx_word' id='word_1_88' title='bbox 574 2350 646 2422; x_wconf 72' lang='grc' dir='ltr'>μείω</span> <span class='ocrx_word' id='word_1_89' title='bbox 667 2348 797 2423; x_wconf 80' lang='grc' dir='ltr'><strong><em>χειρὸς</em></strong></span> <span class='ocrx_word' id='word_1_90' title='bbox 818 2350 984 2424; x_wconf 87' lang='grc' dir='ltr'><strong><em>ἀρκέσας</em></strong></span> <span class='ocrx_word' id='word_1_91' title='bbox 1004 2349 1115 2422; x_wconf 66' lang='grc' dir='ltr'><strong><em>ἐμῆς,</em></strong></span> 
     </span>
     <span class='ocr_line' id='line_1_16' title="bbox 397 2453 981 2534; baseline -0.003 -23"><span class='ocrx_word' id='word_1_92' title='bbox 397 2456 504 2531; x_wconf 83' lang='grc' dir='ltr'><strong><em>ἀτιμος</em></strong></span> <span class='ocrx_word' id='word_1_93' title='bbox 523 2453 701 2534; x_wconf 73' lang='grc' dir='ltr'>Ἀργείοισιν</span> <span class='ocrx_word' id='word_1_94' title='bbox 723 2453 773 2510; x_wconf 80' lang='grc' dir='ltr'>ὧδ’</span> <span class='ocrx_word' id='word_1_95' title='bbox 796 2457 981 2529; x_wconf 75' lang='grc' dir='ltr'><strong><em>ἀπόλλυμαι.</em></strong></span> 
     </span>
    </p>

    <p class='ocr_par' dir='ltr' id='par_1_6' title="bbox 207 2548 1331 2752">
     <span class='ocr_line' id='line_1_17' title="bbox 248 2548 1331 2642; baseline -0.002 -18"><span class='ocrx_word' id='word_1_96' title='bbox 248 2559 343 2625; x_wconf 85' lang='lat' dir='ltr'>Hune</span> <span class='ocrx_word' id='word_1_97' title='bbox 369 2560 487 2638; x_wconf 84' lang='lat' dir='ltr'>locum,</span> <span class='ocrx_word' id='word_1_98' title='bbox 514 2561 548 2625; x_wconf 91' lang='lat' dir='ltr'>in</span> <span class='ocrx_word' id='word_1_99' title='bbox 576 2582 639 2642; x_wconf 90' lang='lat' dir='ltr'>quo</span> <span class='ocrx_word' id='word_1_100' title='bbox 669 2560 763 2641; x_wconf 88' lang='lat' dir='ltr'>plura</span> <span class='ocrx_word' id='word_1_101' title='bbox 791 2558 965 2636; x_wconf 77' lang='lat' dir='ltr'>offendunt,</span> <span class='ocrx_word' id='word_1_102' title='bbox 994 2559 1038 2622; x_wconf 85' lang='lat' dir='ltr'>sic</span> <span class='ocrx_word' id='word_1_103' title='bbox 1065 2548 1281 2641; x_wconf 73' lang='lat' dir='ltr'>temptabam</span> <span class='ocrx_word' id='word_1_104' title='bbox 1297 2560 1331 2622; x_wconf 92' lang='lat' dir='ltr'>in</span> 
     </span>
     <span class='ocr_line' id='line_1_18' title="bbox 207 2666 619 2752; baseline 0 -20"><span class='ocrx_word' id='word_1_105' title='bbox 207 2666 446 2751; x_wconf 81' lang='lat' dir='ltr'>Excerptis,</span> <span class='ocrx_word' id='word_1_106' title='bbox 468 2690 541 2752; x_wconf 85' lang='lat' dir='ltr'>pag.</span> <span class='ocrx_word' id='word_1_107' title='bbox 564 2669 619 2732; x_wconf 88' lang='lat'>61:</span> 
     </span>
    </p>

    <p class='ocr_par' dir='ltr' id='par_1_7' title="bbox 397 2767 1110 2854">
     <span class='ocr_line' id='line_1_19' title="bbox 397 2767 1110 2854; baseline -0.003 -20"><span class='ocrx_word' id='word_1_108' title='bbox 397 2777 465 2834; x_wconf 78' lang='grc' dir='ltr'><strong><em>ἀτον</em></strong></span> <span class='ocrx_word' id='word_1_109' title='bbox 486 2777 584 2854; x_wconf 69' lang='grc' dir='ltr'><strong><em>πατὴρ</em></strong></span> <span class='ocrx_word' id='word_1_110' title='bbox 605 2778 660 2853; x_wconf 73' lang='grc' dir='ltr'>μὲν</span> <span class='ocrx_word' id='word_1_111' title='bbox 682 2777 769 2852; x_wconf 69' lang='grc' dir='ltr'><strong><em>τῆσδ’</em></strong></span> <span class='ocrx_word' id='word_1_112' title='bbox 791 2780 843 2832; x_wconf 79' lang='grc' dir='ltr'>ἀπ’</span> <span class='ocrx_word' id='word_1_113' title='bbox 864 2776 975 2839; x_wconf 73' lang='grc' dir='ltr'><strong><em>Ἰδαίας</em></strong></span> <span class='ocrx_word' id='word_1_114' title='bbox 995 2767 1110 2850; x_wconf 66' lang='grc' dir='ltr'><strong><em>χθονὸς</em></strong></span> 
     </span>
    </p>

    <p class='ocr_par' dir='ltr' id='par_1_8' title="bbox 293 2881 1201 3069">
     <span class='ocr_line' id='line_1_20' title="bbox 397 2881 1201 2968; baseline 0.002 -28"><span class='ocrx_word' id='word_1_115' title='bbox 397 2887 435 2940; x_wconf 82' lang='grc' dir='ltr'><strong><em>τά</em></strong></span> <span class='ocrx_word' id='word_1_116' title='bbox 459 2890 559 2968; x_wconf 70' lang='grc' dir='ltr'><strong><em>τρύτα</em></strong></span> <span class='ocrx_word' id='word_1_117' title='bbox 581 2881 850 2944; x_wconf 76' lang='grc' dir='ltr'><strong><em>καὶ-κάλλιστ’</em></strong></span> <span class='ocrx_word' id='word_1_118' title='bbox 874 2884 1051 2959; x_wconf 80' lang='grc' dir='ltr'><strong><em>ἀριστεύσας</em></strong></span> <span class='ocrx_word' id='word_1_119' title='bbox 1072 2887 1201 2961; x_wconf 78' lang='grc' dir='ltr'><strong><em>στρατοῦ</em></strong></span> 
     </span>
     <span class='ocr_line' id='line_1_21' title="bbox 293 2983 1079 3069; baseline -0.001 -21"><span class='ocrx_word' id='word_1_120' title='bbox 293 2999 297 3005; x_wconf 76' lang='grc'><em>“</em></span> <span class='ocrx_word' id='word_1_121' title='bbox 398 2993 467 3069; x_wconf 84' lang='grc' dir='ltr'>τράς</span> <span class='ocrx_word' id='word_1_122' title='bbox 488 2990 564 3047; x_wconf 76' lang='grc' dir='ltr'><strong><em>οἷκον</em></strong></span> <span class='ocrx_word' id='word_1_123' title='bbox 586 2983 665 3068; x_wconf 66' lang='grc' dir='ltr'>ἦλθε</span> <span class='ocrx_word' id='word_1_124' title='bbox 685 2997 785 3048; x_wconf 88' lang='grc' dir='ltr'><strong><em>τάσαν</em></strong></span> <span class='ocrx_word' id='word_1_125' title='bbox 806 2988 943 3046; x_wconf 84' lang='grc' dir='ltr'><strong><em>εύκλειαν</em></strong></span> <span class='ocrx_word' id='word_1_126' title='bbox 965 2986 1079 3068; x_wconf 80' lang='grc' dir='ltr'><strong><em>Φέρων·</em></strong></span> 
     </span>
    </p>

    <p class='ocr_par' dir='ltr' id='par_1_9' title="bbox 396 3098 1099 3173">
     <span class='ocr_line' id='line_1_22' title="bbox 396 3098 1099 3173; baseline 0 -19"><span class='ocrx_word' id='word_1_127' title='bbox 396 3099 456 3173; x_wconf 79' lang='grc' dir='ltr'>ἐγὼ</span> <span class='ocrx_word' id='word_1_128' title='bbox 477 3099 504 3154; x_wconf 82' lang='grc' dir='ltr'>δ’</span> <span class='ocrx_word' id='word_1_129' title='bbox 526 3101 539 3155; x_wconf 87' lang='grc' dir='ltr'><strong><em>ἀ</em></strong></span> <span class='ocrx_word' id='word_1_130' title='bbox 561 3101 657 3154; x_wconf 71' lang='grc' dir='ltr'><strong><em>κείνου</em></strong></span> <span class='ocrx_word' id='word_1_131' title='bbox 678 3105 756 3165; x_wconf 73' lang='grc' dir='ltr'><strong><em>ται,</em></strong></span> <span class='ocrx_word' id='word_1_132' title='bbox 778 3100 829 3155; x_wconf 85' lang='grc' dir='ltr'>τὸν</span> <span class='ocrx_word' id='word_1_133' title='bbox 850 3098 940 3156; x_wconf 84' lang='grc' dir='ltr'><strong><em>αὐτὸν</em></strong></span> <span class='ocrx_word' id='word_1_134' title='bbox 960 3101 991 3162; x_wconf 82' lang='grc' dir='ltr'>ἐς</span> <span class='ocrx_word' id='word_1_135' title='bbox 1011 3101 1099 3155; x_wconf 80' lang='grc' dir='ltr'><strong><em>τόσον</em></strong></span> 
     </span>
    </p>

    <p class='ocr_par' dir='ltr' id='par_1_10' title="bbox 403 3197 1117 3282">
     <span class='ocr_line' id='line_1_23' title="bbox 403 3197 1117 3282; baseline -0.001 -21"><span class='ocrx_word' id='word_1_136' title='bbox 403 3209 542 3273; x_wconf 79' lang='grc' dir='ltr'><strong><em>(τοῦτον</em></strong></span> <span class='ocrx_word' id='word_1_137' title='bbox 562 3197 761 3282; x_wconf 65' lang='grc' dir='ltr'><strong><em>ταρ&gt;ελθὼν</em></strong></span> <span class='ocrx_word' id='word_1_138' title='bbox 782 3205 834 3261; x_wconf 88' lang='grc' dir='ltr'>ούκ</span> <span class='ocrx_word' id='word_1_139' title='bbox 855 3207 994 3261; x_wconf 85' lang='grc' dir='ltr'><strong><em>έλάσσονι</em></strong></span> <span class='ocrx_word' id='word_1_140' title='bbox 1016 3197 1117 3264; x_wconf 69' lang='grc' dir='ltr'><strong><em>σθένει</em></strong></span> 
     </span>
    </p>

    <p class='ocr_par' dir='ltr' id='par_1_11' title="bbox 397 3310 1094 3389">
     <span class='ocr_line' id='line_1_24' title="bbox 397 3310 1094 3389; baseline -0.001 -22"><span class='ocrx_word' id='word_1_141' title='bbox 397 3311 457 3368; x_wconf 78' lang='grc' dir='ltr'><strong><em>οὐδ’</em></strong></span> <span class='ocrx_word' id='word_1_142' title='bbox 480 3310 551 3389; x_wconf 80' lang='grc' dir='ltr'><strong><em>ἔργα</em></strong></span> <span class='ocrx_word' id='word_1_143' title='bbox 573 3314 646 3388; x_wconf 71' lang='lat' dir='ltr'>palor</span> <span class='ocrx_word' id='word_1_144' title='bbox 666 3314 768 3389; x_wconf 72' lang='grc' dir='ltr'><strong><em>χειρὶ</em></strong></span> <span class='ocrx_word' id='word_1_145' title='bbox 792 3312 834 3388; x_wconf 66' lang='grc' dir='ltr'>δὴ</span> <span class='ocrx_word' id='word_1_146' title='bbox 858 3312 1003 3388; x_wconf 78' lang='grc' dir='ltr'><strong><em>τράξας</em></strong></span> <span class='ocrx_word' id='word_1_147' title='bbox 1023 3313 1094 3387; x_wconf 74' lang='grc' dir='ltr'>ἐμῇ</span> 
     </span>
    </p>

    <p class='ocr_par' dir='ltr' id='par_1_12' title="bbox 399 3417 982 3496">
     <span class='ocr_line' id='line_1_25' title="bbox 399 3417 982 3496; baseline 0.003 -23"><span class='ocrx_word' id='word_1_148' title='bbox 399 3417 504 3495; x_wconf 83' lang='grc' dir='ltr'><strong><em>ἀτιμος</em></strong></span> <span class='ocrx_word' id='word_1_149' title='bbox 524 3419 703 3496; x_wconf 68' lang='grc' dir='ltr'>Ἀργείοισιν</span> <span class='ocrx_word' id='word_1_150' title='bbox 726 3417 775 3476; x_wconf 76' lang='grc' dir='ltr'>ὧδ’</span> <span class='ocrx_word' id='word_1_151' title='bbox 799 3421 982 3496; x_wconf 83' lang='grc' dir='ltr'><strong><em>ἀτάλλνριάι.</em></strong></span> 
     </span>
    </p>

    <p class='ocr_par' dir='ltr' id='par_1_13' title="bbox 207 3520 1331 4016">
     <span class='ocr_line' id='line_1_26' title="bbox 248 3520 1331 3604; baseline 0.004 -19"><span class='ocrx_word' id='word_1_152' title='bbox 248 3520 330 3596; x_wconf 82' lang='lat' dir='ltr'>Quia</span> <span class='ocrx_word' id='word_1_153' title='bbox 349 3525 459 3586; x_wconf 87' lang='lat' dir='ltr'>tamen</span> <span class='ocrx_word' id='word_1_154' title='bbox 479 3524 636 3587; x_wconf 84' lang='lat' dir='ltr'>secundus</span> <span class='ocrx_word' id='word_1_155' title='bbox 657 3545 752 3604; x_wconf 89' lang='lat' dir='ltr'>quam</span> <span class='ocrx_word' id='word_1_156' title='bbox 773 3523 929 3604; x_wconf 81' lang='lat' dir='ltr'>adscripsi</span> <span class='ocrx_word' id='word_1_157' title='bbox 950 3545 1058 3588; x_wconf 82' lang='lat' dir='ltr'>versus</span> <span class='ocrx_word' id='word_1_158' title='bbox 1080 3522 1177 3587; x_wconf 89' lang='lat' dir='ltr'>etiam</span> <span class='ocrx_word' id='word_1_159' title='bbox 1198 3524 1244 3588; x_wconf 82' lang='lat' dir='ltr'>sio</span> <span class='ocrx_word' id='word_1_160' title='bbox 1262 3547 1331 3589; x_wconf 85' lang='lat' dir='ltr'>eor-</span> 
     </span>
     <span class='ocr_line' id='line_1_27' title="bbox 207 3630 1331 3713; baseline -0.004 -19"><span class='ocrx_word' id='word_1_161' title='bbox 207 3634 312 3694; x_wconf 86' lang='lat' dir='ltr'>rectus</span> <span class='ocrx_word' id='word_1_162' title='bbox 340 3630 545 3695; x_wconf 85' lang='lat' dir='ltr'>mediocriter</span> <span class='ocrx_word' id='word_1_163' title='bbox 572 3631 678 3713; x_wconf 86' lang='lat' dir='ltr'>placet</span> <span class='ocrx_word' id='word_1_164' title='bbox 706 3635 739 3695; x_wconf 89' lang='lat' dir='ltr'>et</span> <span class='ocrx_word' id='word_1_165' title='bbox 765 3635 900 3712; x_wconf 89' lang='lat' dir='ltr'>propter</span> <span class='ocrx_word' id='word_1_166' title='bbox 925 3633 1022 3694; x_wconf 87' lang='lat' dir='ltr'>verba</span> <span class='ocrx_word' id='word_1_167' title='bbox 1043 3631 1210 3712; x_wconf 79' lang='lat' dir='ltr'>sequentia</span> <span class='ocrx_word' id='word_1_168' title='bbox 1232 3641 1331 3690; x_wconf 85' lang='grc' dir='ltr'><strong><em>τάσαν</em></strong></span> 
     </span>
     <span class='ocr_line' id='line_1_28' title="bbox 208 3737 1330 3821; baseline 0.004 -23"><span class='ocrx_word' id='word_1_169' title='bbox 208 3739 344 3798; x_wconf 78' lang='grc' dir='ltr'><strong><em>εὔκλειαν</em></strong></span> <span class='ocrx_word' id='word_1_170' title='bbox 366 3737 466 3820; x_wconf 78' lang='grc' dir='ltr'><strong><em>φέρων</em></strong></span> <span class='ocrx_word' id='word_1_171' title='bbox 487 3738 566 3802; x_wconf 89' lang='lat' dir='ltr'>satis</span> <span class='ocrx_word' id='word_1_172' title='bbox 586 3738 709 3802; x_wconf 86' lang='lat' dir='ltr'>ridetur</span> <span class='ocrx_word' id='word_1_173' title='bbox 726 3737 860 3815; x_wconf 82' lang='lat' dir='ltr'>inutilis,</span> <span class='ocrx_word' id='word_1_174' title='bbox 879 3737 976 3803; x_wconf 90' lang='lat' dir='ltr'>hodie</span> <span class='ocrx_word' id='word_1_175' title='bbox 994 3737 1103 3802; x_wconf 86' lang='lat' dir='ltr'>neseio</span> <span class='ocrx_word' id='word_1_176' title='bbox 1123 3760 1164 3802; x_wconf 87' lang='lat' dir='ltr'>an</span> <span class='ocrx_word' id='word_1_177' title='bbox 1181 3738 1330 3821; x_wconf 90' lang='lat' dir='ltr'>imperita</span> 
     </span>
     <span class='ocr_line' id='line_1_29' title="bbox 207 3842 1330 3927; baseline 0.003 -21"><span class='ocrx_word' id='word_1_178' title='bbox 207 3843 301 3907; x_wconf 78' lang='lat' dir='ltr'>fictus</span> <span class='ocrx_word' id='word_1_179' title='bbox 328 3842 371 3908; x_wconf 88' lang='lat' dir='ltr'>sit</span> <span class='ocrx_word' id='word_1_180' title='bbox 397 3844 438 3907; x_wconf 91' lang='lat' dir='ltr'>ab</span> <span class='ocrx_word' id='word_1_181' title='bbox 462 3844 697 3926; x_wconf 84' lang='lat' dir='ltr'>interpolatore</span> <span class='ocrx_word' id='word_1_182' title='bbox 718 3846 758 3910; x_wconf 90' lang='lat' dir='ltr'>ad</span> <span class='ocrx_word' id='word_1_183' title='bbox 780 3845 962 3927; x_wconf 87' lang='lat' dir='ltr'>exemplum</span> <span class='ocrx_word' id='word_1_184' title='bbox 983 3867 1011 3909; x_wconf 87' lang='lat' dir='ltr'>r.</span> <span class='ocrx_word' id='word_1_185' title='bbox 1035 3846 1123 3922; x_wconf 83' lang='lat'>1300,</span> <span class='ocrx_word' id='word_1_186' title='bbox 1145 3845 1200 3908; x_wconf 87' lang='lat' dir='ltr'>ubi</span> <span class='ocrx_word' id='word_1_187' title='bbox 1221 3845 1259 3909; x_wconf 85' lang='lat' dir='ltr'>de</span> <span class='ocrx_word' id='word_1_188' title='bbox 1280 3866 1330 3909; x_wconf 89' lang='lat' dir='ltr'>eo·</span> 
     </span>
     <span class='ocr_line' id='line_1_30' title="bbox 208 3947 613 4016; baseline 0 -2"><span class='ocrx_word' id='word_1_189' title='bbox 208 3949 280 4014; x_wconf 83' lang='lat' dir='ltr'>dem</span> <span class='ocrx_word' id='word_1_190' title='bbox 300 3947 474 4016; x_wconf 77' lang='lat' dir='ltr'>Telamone</span> <span class='ocrx_word' id='word_1_191' title='bbox 495 3950 613 4015; x_wconf 85' lang='lat' dir='ltr'>dicitur</span> 
     </span>
    </p>

    <p class='ocr_par' dir='ltr' id='par_1_14' title="bbox 400 4057 1221 4244">
     <span class='ocr_line' id='line_1_31' title="bbox 400 4057 1221 4140; baseline -0.005 -24"><span class='ocrx_word' id='word_1_192' title='bbox 400 4059 481 4122; x_wconf 83' lang='grc' dir='ltr'><strong><em>ύστις</em></strong></span> <span class='ocrx_word' id='word_1_193' title='bbox 502 4063 668 4138; x_wconf 83' lang='grc' dir='ltr'><strong><em>στρατοῦ</em></strong></span> <span class='ocrx_word' id='word_1_194' title='bbox 689 4063 734 4116; x_wconf 88' lang='grc' dir='ltr'><strong><em>τά</em></strong></span> <span class='ocrx_word' id='word_1_195' title='bbox 755 4064 872 4140; x_wconf 72' lang='grc' dir='ltr'><strong><em>πρῶτ’</em></strong></span> <span class='ocrx_word' id='word_1_196' title='bbox 893 4059 1126 4138; x_wconf 88' lang='grc' dir='ltr'><strong><em>ἀριστεύσας</em></strong></span> <span class='ocrx_word' id='word_1_197' title='bbox 1146 4057 1221 4133; x_wconf 67' lang='grc' dir='ltr'><strong><em>ἀμὴν</em></strong></span> 
     </span>
     <span class='ocr_line' id='line_1_32' title="bbox 400 4165 773 4244; baseline 0.003 -24"><span class='ocrx_word' id='word_1_198' title='bbox 400 4165 482 4239; x_wconf 65' lang='grc' dir='ltr'><strong><em>ἴσχει</em></strong></span> <span class='ocrx_word' id='word_1_199' title='bbox 503 4165 639 4242; x_wconf 81' lang='grc' dir='ltr'><strong><em>ξύνευνον</em></strong></span> <span class='ocrx_word' id='word_1_200' title='bbox 659 4167 773 4244; x_wconf 70' lang='grc' dir='ltr'><strong><em>μητέρ’.</em></strong></span> 
     </span>
    </p>
   </div>
   <div class='ocr_carea' id='block_1_5' title="bbox 0 0 1589 5002">
    <p class='ocr_par' dir='ltr' id='par_1_15' title="bbox 0 0 1589 5002">
     <span class='ocr_line' id='line_1_33' title="bbox 0 0 1589 5002; baseline 0 0"><span class='ocrx_word' id='word_1_201' title='bbox 0 0 1589 5002; x_wconf 95' lang='lat' dir='ltr'> </span> 
     </span>
    </p>
   </div>
  </div>
 </body>
</html>
