3166 5002
811 539 851 604 60

311 723 422 806 Antig.
443 725 513 788 211.
534 722 616 789 Vide
637 723 721 788 inira
742 725 782 788 ed
803 747 832 789 v.
855 725 941 788 1098.

271 855 384 940 Antig.
407 855 466 920 260
859 858 915 914 κὺν
935 861 1071 933 ἐγίγνετο

486 965 614 1041 πληγὴ
636 966 806 1032 τελευτῶσ’,
828 965 888 1022 οὐδ’
911 967 923 1021 ὑ
946 965 1088 1021 κωλύσων
1109 971 1214 1043 πκρην.

311 1068 495 1133 Admodum
513 1073 695 1153 suspectum
712 1074 760 1134 est
777 1075 879 1148 πληγη
899 1069 967 1134 sine
981 1070 1127 1151 exemplo
1139 1070 1322 1135 adhibitum
1334 1092 1393 1151 pro

271 1180 396 1253 πληγαί,
423 1175 479 1255 qui
506 1197 658 1239 numerus
687 1175 725 1239 de
752 1175 974 1257 pugnantibus
996 1175 1106 1256 utique
1127 1175 1324 1240 necessarius
1348 1175 1394 1238 vi·

271 1283 372 1347 detur.
401 1281 483 1347 Vide
509 1305 549 1347 ue
577 1305 627 1346 ea·
642 1305 704 1349 vox
732 1305 749 1348 e
776 1285 970 1364 glossemate
996 1283 1128 1350 fluxerit
1150 1283 1271 1364 soripto
1294 1305 1393 1364 supra

270 1390 506 1454 substantivum
537 1395 662 1470 μώχη,
693 1391 780 1472 quod
808 1395 938 1472 poetam
965 1391 1111 1473 posuisse
1139 1391 1294 1472 suspicor.
1325 1389 1394 1454 Nisi

271 1497 356 1562 forte
386 1497 529 1579 praefers
560 1502 773 1576 πληγμκτκ
805 1503 1050 1568 τελευτῶντ’,
1076 1520 1158 1579 quoe
1180 1501 1229 1562 est
1251 1519 1313 1562 vox
1332 1496 1391 1561 So-

271 1605 415 1686 phoclea.
436 1603 482 1670 of.
504 1627 532 1669 v.
554 1605 720 1670 250.1283
741 1609 774 1669 et
795 1604 909 1670 Trach.
932 1606 1000 1670 522.

165 1875 168 1879 v
270 1793 383 1876 Antig.
404 1793 464 1856 282
485 1799 585 1869 λέγεις
605 1799 662 1870 γὺρ
684 1794 735 1851 οὑκ
758 1798 879 1862 ώνεκτώ,
900 1797 1044 1870 δκιμυνιις
1064 1800 1162 1871 λεγων

484 1903 617 1978 πρὺνυικν
639 1902 738 1977 ι’σχειν
759 1904 843 1960 τοῦδε
865 1906 918 1959 τοῦ
938 1905 1039 1979 νεκροῦ
1059 1907 1131 1980 πέρι.

484 2009 603 2085 πότερον
625 2008 842 2086 ὑπερτιμῶντες
863 2011 900 2072 ῶς
921 2008 1078 2087 εὐεργέτην

483 2114 626 2192 ἔκρυπτον
647 2115 747 2183 κὺτόν,
769 2117 850 2179 ὅστις
869 2114 1054 2195 ιίμφικιόνκς

484 2215 571 2286 νκοὺι
591 2226 733 2300 πυρώσων
754 2222 825 2300 ἦλθε
846 2216 1051 2299 κώνιιθημιιτκ

484 2332 532 2385 nal
553 2334 612 2406 γῆν
635 2331 789 2385 ἐκείνων
810 2333 860 2385 nal
882 2333 1019 2406 νόμους
1038 2329 1218 2396 δικσκεδῶν;

485 2435 502 2512 ἢ
524 2435 593 2499 τυὺς
614 2432 723 2500 nabebo
743 2442 895 2511 τιμῶντας
915 2440 1028 2513 εἱσυρηῖς
1048 2428 1144 2498 θεοὺς.

313 2541 397 2606 Fieri
425 2545 533 2622 potest
560 2544 597 2605 ut
619 2540 784 2606 Nauokius
805 2541 921 2606 merito
943 2541 1092 2605 ultimum
1114 2560 1239 2604 versum
1261 2542 1298 2601 ut
1318 2560 1394 2620 spu-

270 2648 354 2714 rium
381 2648 554 2724 notaverit,
580 2649 636 2713 sed
663 2648 793 2713 minime
820 2649 1022 2730 probaverim
1046 2648 1200 2729 reliquum
1224 2645 1285 2709 viri
1304 2645 1396 2728 inge-

270 2754 354 2819 niosi
375 2756 413 2819 de
434 2755 495 2818 hoo
516 2754 588 2819 loeo
610 2754 716 2832 crisin,
738 2754 794 2835 qui
811 2757 978 2835 praeterea
996 2754 1152 2838 rescripto
1173 2755 1395 2832 ὑπερτιμῶντες

272 2866 304 2925 et
320 2859 475 2942 Sophocli
492 2860 683 2926 abiudicatis
693 2860 799 2926 verbis
810 2860 953 2940 inportu-ov
964 2863 1054 2919 κὺπὸν
1065 2860 1172 2925 locum
1182 2859 1227 2924 sic
1238 2861 1394 2940 temptat:

487 2974 606 3049 πότερον
628 2971 850 3049 ὑπερτιμῶντες
872 2973 910 3034 ώς
930 2970 1096 3048 εὐεργέτην,

485 3076 572 3141 νιισὺς
593 3081 710 3134 ἐκείνων
732 3077 813 3140 ὅστις
833 3072 1017 3155 ιὶμφικὶυνκς

484 3188 533 3241 nal
555 3191 615 3261 γῆν
635 3187 777 3263 πυρώσων
798 3177 877 3260 ἦλθε
899 3177 1122 3262 κώνπθημκτκ;

271 3312 288 3354 e
322 3311 385 3371 qua
412 3290 596 3355 coniectura
623 3290 769 3373 pessime,
791 3311 842 3353 me
863 3289 976 3368 iudice,
999 3313 1080 3371 quae
1103 3291 1199 3372 volgo
1222 3295 1298 3373 apte
1319 3313 1395 3356 oon-

272 3397 381 3461 iunota
402 3397 477 3460 sunt
497 3398 585 3462 νκοὺς
604 3433 644 3440 -
665 3392 871 3476 κκνκθημκτκ
890 3397 1112 3462 distrahuntur
1129 3398 1306 3464 interiectis
1324 3420 1395 3462 ver-

272 3502 322 3567 bis
344 3509 393 3561 κκὶ
414 3539 454 3546 -
476 3509 625 3583 πυρώσων.
647 3503 882 3584 Argumentum
904 3509 1021 3580 autem,
1043 3527 1106 3586 quo
1128 3505 1231 3568 utitur
1252 3505 1292 3568 ed
1310 3504 1396 3569 dom·

271 3609 377 3674 nanda
409 3609 505 3673 verbe
537 3610 680 3688 ἔκρυπτον
711 3611 811 3679 κὺτόν,
842 3611 927 3691 quod
958 3609 1079 3674 seilicet
1106 3609 1281 3694 Sophocles
1308 3611 1394 3675 nudo

271 3715 370 3781 verbo
403 3719 541 3795 κρύπτειν
572 3715 619 3779 uti
650 3737 713 3780 non
745 3717 889 3799 potuerit
921 3739 979 3800 pro
1007 3739 1044 3782 eo
1073 3716 1159 3797 quod
1186 3720 1235 3781 est
1256 3711 1395 3785 θάπτειν,

271 3823 389 3888 nullius
410 3823 489 3887 mihi
511 3821 638 3888 videtur
658 3825 823 3899 momenti,
845 3826 930 3905 quia,
952 3825 979 3888 si
1000 3828 1085 3888 reete
1105 3824 1211 3888 locum
1232 3823 1394 3906 intellego,

271 3933 369 4009 poeta
397 3951 435 3995 eo
457 3929 554 3994 verbo
575 3951 650 3994 usus
672 3934 720 3994 est
741 3930 850 3994 eadem
870 3930 1002 3996 notione
1024 3952 1118 4011 quom
1140 3952 1266 4012 semper
1286 3929 1394 4009 habet,

272 4041 325 4096 τοῦ
352 4037 518 4118 ἀφανίζειν.
545 4036 774 4121 Respieiuntur
802 4037 886 4102 enim
913 4037 1018 4102 nuntii
1047 4038 1143 4103 rerba
1171 4061 1199 4102 v.
1224 4038 1284 4102 254
1306 4042 1318 4096 l
1340 4041 1395 4116 μὲν

271 4147 329 4221 γὺρ
350 4142 560 4223 ηφώνιστυ,
582 4148 738 4223 τυμβήρης
759 4149 814 4222 μὲν
835 4146 876 4222 οὑ,
899 4153 977 4216 κτλ.,
999 4167 1079 4226 quoe
1101 4167 1151 4210 res
1170 4145 1270 4210 choro
1287 4166 1317 4208 v.
1335 4143 1394 4207 278
