3166 5002
729 559 767 623 61

184 745 336 829 θεήλατος
355 749 489 814 videtur.
510 785 550 793 -
569 745 606 814 In
629 770 657 811 ν.
677 747 736 811 287
760 746 851 810 valde
873 745 954 809 mibi
974 744 1182 810 abblanditur
1199 743 1310 810 Todtii

185 857 368 923 coniectura
388 862 578 925 κενώσων,
598 856 619 921 i,
641 876 667 919 e.
691 859 860 933 έρκμόισιον,
882 875 942 934 pro
963 858 1091 922 ἐκείνων,
1109 856 1141 917 et
1159 851 1186 917 si
1204 857 1310 932 νόμους

185 968 348 1024 διασκεδῶν
369 964 533 1028 nonsatis
555 961 736 1028 defenditur
757 961 827 1026 loco
851 959 887 1025 Ο.
910 959 943 1024 0.
964 961 1034 1039 620,
1055 983 1118 1042 qua
1136 962 1174 1025 de
1191 982 1226 1025 re
1243 958 1310 1024 for·

184 1076 270 1138 tasse
297 1076 383 1138 recte
410 1072 539 1136 dubitat
562 1068 737 1148 Nauckius‚
757 1068 790 1133 in
812 1073 966 1151 promptu
988 1072 1037 1133 est
1058 1069 1203 1134 conicere
1224 1066 1310 1148 quod

186 1181 263 1245 olim
294 1179 451 1262 proposui
481 1183 596 1256 δόμους.
628 1176 675 1242 ef.
702 1178 763 1242 Ar.
791 1177 870 1240 1053
897 1179 938 1235 τιδ
970 1180 1051 1235 κόδοι
1084 1178 1239 1234 διασκεδῶ.
1271 1209 1311 1218 -

189 1285 225 1352 V.
254 1287 313 1351 296
339 1286 525 1351 felicissima
550 1288 599 1350 est
627 1289 659 1350 et
686 1284 793 1349 nescio
822 1305 863 1348 an
889 1283 1074 1365 recipienda
1101 1282 1144 1348 sit
1171 1280 1311 1346 Nauckii

186 1394 369 1459 con-iectura
390 1401 490 1453 κκκιόν
510 1395 635 1472 ἔνουσμ’
656 1414 716 1474 pro
738 1395 830 1450 κοικὸν
851 1396 981 1469 νόμισμ’.

124 1586 131 1610 “
188 1582 299 1664 Antig.
321 1582 381 1646 386
401 1585 444 1641 ὅδ’
466 1586 499 1640 ἐκ
520 1584 618 1660 δόμων
639 1581 762 1660 όέψορρος
783 1585 824 1645 εἱς
844 1583 928 1638 δέον
949 1589 1030 1658 τερρῖ.

228 1688 305 1753 Cum
336 1689 369 1753 in
399 1688 506 1753 codice
533 1687 677 1753 Mediceo
704 1709 769 1752 non
798 1687 843 1752 sie
870 1687 1153 1770 1οςκόιιι,ὀοι1οός
1179 1691 1311 1765 μέσον,

187 1793 354 1860 Nauckius
377 1794 541 1876 rescripsit
562 1801 603 1860 εις
630 1799 769 1874 κοιρόν.
797 1792 919 1858 Eodem
941 1814 1036 1859 sensu
1055 1792 1160 1875 possis
1182 1799 1223 1858 εις
1251 1814 1311 1851 κοι-

188 1900 579 1984 owOEQRfflQ

190 2090 302 2174 Antig.
323 2092 385 2156 374
780 2095 852 2168 μήτ’
874 2094 938 2168 ἐμοὶ
960 2095 1114 2169 παρέστιος

403 2203 516 2272 γένοιτο
538 2199 610 2274 μήτ’
633 2199 715 2255 όσον
741 2196 890 2277 φρονῶν
913 2200 943 2261 ὃς
962 2199 1029 2254 τόδ’
1052 2197 1134 2275 ἔρδει.

230 2301 296 2367 Sub
325 2307 386 2362 όσον
411 2301 529 2384 φρονῶν
551 2303 636 2367 aliud
658 2303 758 2367 latere
777 2302 974 2366 crediderim.
995 2301 1181 2367 Sententiae
1201 2306 1313 2384 aptum

189 2409 274 2474 foret
305 2416 533 2476 κοινότλους
564 2410 613 2475 vel
645 2405 859 2488 σονθὺτνς,
891 2408 941 2474 vel
972 2411 1057 2487 όσιρν
1086 2416 1220 2489 κερῶν,
1245 2408 1265 2472 i.
1288 2430 1314 2473 e.

191 2521 400 2597 cacodemones,
429 2517 485 2581 sed
510 2517 629 2581 trustra
651 2538 770 2597 quaero
791 2515 877 2597 quod
898 2515 1035 2580 traditae
1057 2515 1187 2580 lectioni
1208 2515 1251 2579 sit
1271 2514 1313 2580 si·

191 2623 370 2689 millimunr.
393 2621 533 2699 Quaerat
555 2623 652 2688 alius!
751 2619 755 2626 ’

192 2811 304 2893 Antig.
325 2813 384 2876 485
407 2818 431 2870 el
451 2814 536 2871 τοῦτ’
560 2817 662 2870 οὶνοιτεό
684 2813 755 2890 τῇδε
776 2816 949 2870 κείσετοιι
971 2815 1074 2890 κράτη.

232 2917 354 2982 Vereor
372 2940 412 2982 ne
429 2915 596 2982 Nauckius
613 2917 731 2982 iniuria
747 2918 927 2998 suspicetur
937 2922 1067 2976 έόσετοιι.
1079 2916 1216 2981 Multum
1229 2914 1314 2980 eninr

193 3023 306 3088 dubito
333 3046 410 3087 num
438 3028 524 3089 recte
551 3023 637 3089 dicas
664 3029 716 3082 εὀῖν
744 3046 772 3082 τι
799 3031 911 3094 drani,
939 3024 1014 3105 quia
1036 3025 1069 3089 id
1090 3023 1221 3088 verbum
1243 3045 1314 3088 cum

193 3132 358 3197 adieetivis
383 3132 473 3213 iungi
494 3132 588 3210 solet,
610 3155 674 3198 non
696 3154 767 3197 eum
788 3132 957 3197 adverbiis.
979 3130 1048 3196 Nec
1069 3131 1186 3196 haereo
1204 3130 1237 3194 in
1255 3135 1314 3188 κει-

193 3259 287 3299 σετνι.
317 3239 364 3306 Ut
391 3239 475 3304 eninr
505 3235 640 3302 τιθεσόκι
664 3245 712 3304 est
740 3239 823 3305 sibi
850 3256 1014 3324 ponere,
1042 3237 1315 3316 constituere,
1354 3227 1357 3234 ’

84 3433 87 3440 Ι
192 3345 239 3410 ita
267 3345 423 3410 Futurum
451 3351 598 3411 exactum
615 3345 737 3411 formae
755 3345 902 3430 passivae
922 3351 1062 3415 κεόσετοι,
1083 3344 1315 3410 constituta

194 3456 327 3533 erunt,
348 3451 424 3516 huic
444 3452 516 3517 loco
537 3452 665 3517 videtur
685 3451 1062 3517 accommodatissimum.

195 3638 306 3723 Antig.
328 3640 387 3704 504
459 3719 461 3724 Ι
657 3614 779 3706 ’τούτοις
800 3645 885 3700 τοῦτο
908 3648 998 3698 τοῖσιν
1019 3641 1156 3697 ἁνδάνειν

407 3749 557 3824 λέγοιτ’
578 3751 625 3816 όόν,
646 3753 671 3806 el
691 3751 733 3826 μὴ
755 3754 900 3825 γλῶσσοον
922 3750 1044 3827 ἐγκλῄοι
1065 3745 1169 3829 φόβος.

235 3851 476 3934 Simplicissima
518 3853 598 3918 baec
641 3855 737 3918 v'erba
778 3854 959 3937 corrigendi
995 3854 1079 3920 ratio
1117 3854 1251 3932 viderur,
1289 3854 1317 3919 si

195 3959 380 4026 scribimus:
1039 3979 1042 3984 '

604 4102 609 4110 ·
665 4071 779 4134 τούτοις
800 4074 885 4127 τοῦτο
908 4076 998 4127 τοῖσιν
1020 4071 1156 4126 ιδνδόνειν

409 4180 544 4252 γνοίης
564 4178 611 4245 cu,
633 4183 701 4235 κτλ.
