<?xml version="1.0" encoding="UTF-8"?>
<!DOCTYPE html PUBLIC "-//W3C//DTD XHTML 1.0 Transitional//EN"
    "http://www.w3.org/TR/xhtml1/DTD/xhtml1-transitional.dtd">
<html xmlns="http://www.w3.org/1999/xhtml" xml:lang="en" lang="en">
 <head>
  <title>
</title>
<meta http-equiv="Content-Type" content="text/html;charset=utf-8" />
  <meta name='ocr-system' content='tesseract 3.04.00' />
  <meta name='ocr-capabilities' content='ocr_page ocr_carea ocr_par ocr_line ocrx_word'/>
</head>
<body>
  <div class='ocr_page' id='page_1' title='image "./lucubrationesso00herwgoog_0059.png"; bbox 0 0 3166 5002; ppageno 0'>
   <div class='ocr_carea' id='block_1_1' title="bbox 809 563 849 626">
    <p class='ocr_par' dir='ltr' id='par_1_1' title="bbox 809 563 849 626">
     <span class='ocr_line' id='line_1_1' title="bbox 809 563 849 626; baseline 0.025 -1"><span class='ocrx_word' id='word_1_1' title='bbox 809 563 849 626; x_wconf 79' lang='lat'><strong>52</strong></span> 
     </span>
    </p>
   </div>
   <div class='ocr_carea' id='block_1_2' title="bbox 268 747 1393 1576">
    <p class='ocr_par' dir='ltr' id='par_1_2' title="bbox 268 747 1393 1258">
     <span class='ocr_line' id='line_1_2' title="bbox 311 747 1393 823; baseline 0.003 -11"><span class='ocrx_word' id='word_1_2' title='bbox 311 747 398 823; x_wconf 81' lang='lat' dir='ltr'><strong>Quae</strong></span> <span class='ocrx_word' id='word_1_3' title='bbox 431 749 574 814; x_wconf 77' lang='lat' dir='ltr'><strong>coniecta</strong></span> <span class='ocrx_word' id='word_1_4' title='bbox 604 770 672 812; x_wconf 86' lang='lat' dir='ltr'><strong>esse</strong></span> <span class='ocrx_word' id='word_1_5' title='bbox 703 749 795 813; x_wconf 85' lang='lat' dir='ltr'><strong>video</strong></span> <span class='ocrx_word' id='word_1_6' title='bbox 827 753 883 812; x_wconf 84' lang='lat' dir='ltr'><strong>aut</strong></span> <span class='ocrx_word' id='word_1_7' title='bbox 913 751 998 814; x_wconf 91' lang='lat' dir='ltr'><strong>iusto</strong></span> <span class='ocrx_word' id='word_1_8' title='bbox 1031 749 1221 816; x_wconf 76' lang='lat' dir='ltr'><strong>violentiora</strong></span> <span class='ocrx_word' id='word_1_9' title='bbox 1250 754 1326 815; x_wconf 91' lang='lat' dir='ltr'><strong>sunt</strong></span> <span class='ocrx_word' id='word_1_10' title='bbox 1356 755 1393 815; x_wconf 89' lang='lat' dir='ltr'><strong>ut</strong></span> 
     </span>
     <span class='ocr_line' id='line_1_3' title="bbox 269 855 1392 936; baseline 0.004 -17"><span class='ocrx_word' id='word_1_11' title='bbox 269 855 409 920; x_wconf 86' lang='lat' dir='ltr'><strong>Nauckii</strong></span> <span class='ocrx_word' id='word_1_12' title='bbox 443 861 657 921; x_wconf 84' lang='lat' dir='ltr'><strong>commentum</strong></span> <span class='ocrx_word' id='word_1_13' title='bbox 689 861 787 936; x_wconf 82' lang='grc' dir='ltr'><em>νεκρὸς</em></span> <span class='ocrx_word' id='word_1_14' title='bbox 818 861 948 932; x_wconf 70' lang='lat' dir='ltr'><strong>eynarde</strong></span> <span class='ocrx_word' id='word_1_15' title='bbox 979 860 1012 921; x_wconf 90' lang='lat' dir='ltr'><strong>et</strong></span> <span class='ocrx_word' id='word_1_16' title='bbox 1044 856 1392 923; x_wconf 86' lang='lat' dir='ltr'><strong>Rauchensteinianum</strong></span> 
     </span>
     <span class='ocr_line' id='line_1_4' title="bbox 270 962 1391 1046; baseline -0.009 -13"><span class='ocrx_word' id='word_1_17' title='bbox 270 966 384 1040; x_wconf 68' lang='grc' dir='ltr'><strong>τύμβος</strong></span> <span class='ocrx_word' id='word_1_18' title='bbox 410 967 495 1028; x_wconf 83' lang='grc' dir='ltr'><em>ἐκτὸς</em></span> <span class='ocrx_word' id='word_1_19' title='bbox 522 964 571 1031; x_wconf 82' lang='grc' dir='ltr'><strong>ὢν,</strong></span> <span class='ocrx_word' id='word_1_20' title='bbox 600 967 656 1027; x_wconf 90' lang='lat' dir='ltr'><strong>aut</strong></span> <span class='ocrx_word' id='word_1_21' title='bbox 684 962 869 1028; x_wconf 80' lang='lat' dir='ltr'><strong>obscuriora</strong></span> <span class='ocrx_word' id='word_1_22' title='bbox 892 967 929 1026; x_wconf 88' lang='lat' dir='ltr'><strong>ut</strong></span> <span class='ocrx_word' id='word_1_23' title='bbox 950 963 1087 1029; x_wconf 86' lang='lat' dir='ltr'><strong>Mekleri</strong></span> <span class='ocrx_word' id='word_1_24' title='bbox 1108 966 1248 1046; x_wconf 88' lang='lat' dir='ltr'><strong>suspicio</strong></span> <span class='ocrx_word' id='word_1_25' title='bbox 1273 972 1391 1024; x_wconf 70' lang='lat' dir='ltr'><strong>nervom</strong></span> 
     </span>
     <span class='ocr_line' id='line_1_5' title="bbox 270 1068 1392 1149; baseline -0.001 -17"><span class='ocrx_word' id='word_1_26' title='bbox 270 1073 380 1146; x_wconf 69' lang='grc' dir='ltr'><em>πότμος</em></span> <span class='ocrx_word' id='word_1_27' title='bbox 398 1071 569 1146; x_wconf 72' lang='grc' dir='ltr'><strong><em>δυστυχῶν,</em></strong></span> <span class='ocrx_word' id='word_1_28' title='bbox 588 1074 644 1134; x_wconf 87' lang='lat' dir='ltr'><strong>aut</strong></span> <span class='ocrx_word' id='word_1_29' title='bbox 661 1092 725 1134; x_wconf 90' lang='lat' dir='ltr'><strong>nou</strong></span> <span class='ocrx_word' id='word_1_30' title='bbox 744 1068 865 1135; x_wconf 81' lang='lat' dir='ltr'><strong>Graeca</strong></span> <span class='ocrx_word' id='word_1_31' title='bbox 882 1073 919 1134; x_wconf 89' lang='lat' dir='ltr'><strong>ut</strong></span> <span class='ocrx_word' id='word_1_32' title='bbox 936 1074 1012 1147; x_wconf 71' lang='grc' dir='ltr'><strong>δὶχκ</strong></span> <span class='ocrx_word' id='word_1_33' title='bbox 1030 1076 1145 1148; x_wconf 89' lang='grc' dir='ltr'><em>τυχών,</em></span> <span class='ocrx_word' id='word_1_34' title='bbox 1158 1071 1213 1134; x_wconf 91' lang='lat' dir='ltr'><strong>ubi</strong></span> <span class='ocrx_word' id='word_1_35' title='bbox 1225 1076 1392 1149; x_wconf 73' lang='grc' dir='ltr'><strong>τυγχάνων</strong></span> 
     </span>
     <span class='ocr_line' id='line_1_6' title="bbox 268 1177 1150 1258; baseline 0 -19"><span class='ocrx_word' id='word_1_36' title='bbox 268 1177 494 1256; x_wconf 73' lang='lat' dir='ltr'><strong>requireretur.</strong></span> <span class='ocrx_word' id='word_1_37' title='bbox 515 1177 675 1258; x_wconf 81' lang='lat' dir='ltr'><strong>Equidem</strong></span> <span class='ocrx_word' id='word_1_38' title='bbox 694 1177 775 1241; x_wconf 90' lang='lat' dir='ltr'><strong>nihil</strong></span> <span class='ocrx_word' id='word_1_39' title='bbox 794 1177 880 1241; x_wconf 90' lang='lat' dir='ltr'><strong>ultra</strong></span> <span class='ocrx_word' id='word_1_40' title='bbox 900 1181 1017 1257; x_wconf 85' lang='lat' dir='ltr'><strong>expeto</strong></span> <span class='ocrx_word' id='word_1_41' title='bbox 1038 1198 1150 1257; x_wconf 91' lang='lat' dir='ltr'><strong>quam:</strong></span> 
     </span>
    </p>

    <p class='ocr_par' dir='ltr' id='par_1_3' title="bbox 269 1286 1392 1576">
     <span class='ocr_line' id='line_1_7' title="bbox 470 1286 1191 1365; baseline 0.003 -23"><span class='ocrx_word' id='word_1_42' title='bbox 470 1290 631 1344; x_wconf 72' lang='lat' dir='ltr'><strong>uetuerat</strong></span> <span class='ocrx_word' id='word_1_43' title='bbox 655 1288 784 1363; x_wconf 80' lang='grc' dir='ltr'><strong><em>τύμβῳ</em></strong></span> <span class='ocrx_word' id='word_1_44' title='bbox 807 1288 969 1362; x_wconf 77' lang='grc' dir='ltr'><strong>δυστυχῶν</strong></span> <span class='ocrx_word' id='word_1_45' title='bbox 990 1286 1068 1344; x_wconf 77' lang='grc' dir='ltr'><em>ἔσει</em></span> <span class='ocrx_word' id='word_1_46' title='bbox 1089 1288 1191 1365; x_wconf 83' lang='grc' dir='ltr'><strong><em>βκρύς.</em></strong></span> 
     </span>
     <span class='ocr_line' id='line_1_8' title="bbox 269 1387 1392 1472; baseline 0.002 -20"><span class='ocrx_word' id='word_1_47' title='bbox 269 1387 447 1470; x_wconf 86' lang='lat' dir='ltr'><strong>Postquam</strong></span> <span class='ocrx_word' id='word_1_48' title='bbox 474 1393 579 1469; x_wconf 80' lang='grc' dir='ltr'><strong><em>τύμβῳ</em></strong></span> <span class='ocrx_word' id='word_1_49' title='bbox 608 1389 743 1472; x_wconf 83' lang='lat' dir='ltr'><strong>proclivi</strong></span> <span class='ocrx_word' id='word_1_50' title='bbox 771 1413 878 1455; x_wconf 89' lang='lat' dir='ltr'><strong>errore</strong></span> <span class='ocrx_word' id='word_1_51' title='bbox 904 1389 938 1455; x_wconf 93' lang='lat' dir='ltr'><strong>in</strong></span> <span class='ocrx_word' id='word_1_52' title='bbox 966 1393 1080 1470; x_wconf 81' lang='grc' dir='ltr'><strong><em>τύμβος</em></strong></span> <span class='ocrx_word' id='word_1_53' title='bbox 1106 1391 1196 1470; x_wconf 86' lang='lat' dir='ltr'><strong>abiit,</strong></span> <span class='ocrx_word' id='word_1_54' title='bbox 1220 1395 1392 1470; x_wconf 83' lang='lat' dir='ltr'><strong>corrector,</strong></span> 
     </span>
     <span class='ocr_line' id='line_1_9' title="bbox 270 1496 1392 1576; baseline 0.005 -18"><span class='ocrx_word' id='word_1_55' title='bbox 270 1499 305 1558; x_wconf 92' lang='lat' dir='ltr'><strong>ut</strong></span> <span class='ocrx_word' id='word_1_56' title='bbox 320 1496 429 1576; x_wconf 87' lang='lat' dir='ltr'><strong>aliqua</strong></span> <span class='ocrx_word' id='word_1_57' title='bbox 444 1497 560 1561; x_wconf 82' lang='lat' dir='ltr'><strong>saltem</strong></span> <span class='ocrx_word' id='word_1_58' title='bbox 576 1497 678 1561; x_wconf 85' lang='lat' dir='ltr'><strong>exiret</strong></span> <span class='ocrx_word' id='word_1_59' title='bbox 695 1497 864 1575; x_wconf 83' lang='lat' dir='ltr'><strong>sententia,</strong></span> <span class='ocrx_word' id='word_1_60' title='bbox 881 1498 940 1556; x_wconf 78' lang='grc' dir='ltr'><em>ἔσει</em></span> <span class='ocrx_word' id='word_1_61' title='bbox 955 1497 988 1560; x_wconf 93' lang='lat' dir='ltr'><strong>in</strong></span> <span class='ocrx_word' id='word_1_62' title='bbox 1005 1503 1018 1556; x_wconf 80' lang='grc' dir='ltr'><strong><em>ύ</em></strong></span> <span class='ocrx_word' id='word_1_63' title='bbox 1035 1502 1086 1563; x_wconf 83' lang='grc' dir='ltr'><strong>σὸς</strong></span> <span class='ocrx_word' id='word_1_64' title='bbox 1103 1500 1244 1562; x_wconf 89' lang='lat' dir='ltr'><strong>mutasse</strong></span> <span class='ocrx_word' id='word_1_65' title='bbox 1256 1499 1392 1564; x_wconf 86' lang='lat' dir='ltr'><strong>videtur.</strong></span> 
     </span>
    </p>
   </div>
   <div class='ocr_carea' id='block_1_3' title="bbox 268 1603 1391 1794">
    <p class='ocr_par' dir='ltr' id='par_1_4' title="bbox 268 1603 1391 1794">
     <span class='ocr_line' id='line_1_10' title="bbox 310 1603 1391 1686; baseline -0.004 -19"><span class='ocrx_word' id='word_1_66' title='bbox 310 1603 373 1679; x_wconf 80' lang='lat' dir='ltr'><strong>Qui</strong></span> <span class='ocrx_word' id='word_1_67' title='bbox 394 1608 485 1668; x_wconf 84' lang='lat' dir='ltr'><strong>extra</strong></span> <span class='ocrx_word' id='word_1_68' title='bbox 506 1605 630 1686; x_wconf 79' lang='lat' dir='ltr'><strong>patriae</strong></span> <span class='ocrx_word' id='word_1_69' title='bbox 647 1605 726 1669; x_wconf 87' lang='lat' dir='ltr'><strong>fines</strong></span> <span class='ocrx_word' id='word_1_70' title='bbox 744 1604 901 1686; x_wconf 83' lang='lat' dir='ltr'><strong>sepelitur</strong></span> <span class='ocrx_word' id='word_1_71' title='bbox 919 1627 935 1669; x_wconf 91' lang='lat' dir='ltr'><strong>e</strong></span> <span class='ocrx_word' id='word_1_72' title='bbox 952 1609 1096 1670; x_wconf 88' lang='lat' dir='ltr'><strong>veterum</strong></span> <span class='ocrx_word' id='word_1_73' title='bbox 1114 1605 1267 1686; x_wconf 90' lang='lat' dir='ltr'><strong>opinione</strong></span> <span class='ocrx_word' id='word_1_74' title='bbox 1286 1608 1391 1685; x_wconf 80' lang='grc' dir='ltr'><strong><em>τύμβῳ</em></strong></span> 
     </span>
     <span class='ocr_line' id='line_1_11' title="bbox 268 1710 1391 1794; baseline 0.005 -25"><span class='ocrx_word' id='word_1_75' title='bbox 268 1715 426 1788; x_wconf 72' lang='grc' dir='ltr'><em>δυστυχεῖ.</em></span> <span class='ocrx_word' id='word_1_76' title='bbox 444 1711 494 1774; x_wconf 92' lang='lat' dir='ltr'><strong>Ad</strong></span> <span class='ocrx_word' id='word_1_77' title='bbox 511 1711 653 1775; x_wconf 89' lang='lat' dir='ltr'><strong>dativum</strong></span> <span class='ocrx_word' id='word_1_78' title='bbox 670 1710 709 1775; x_wconf 88' lang='lat' dir='ltr'><strong>of.</strong></span> <span class='ocrx_word' id='word_1_79' title='bbox 727 1711 842 1776; x_wconf 88' lang='lat' dir='ltr'><strong>Aeseh.</strong></span> <span class='ocrx_word' id='word_1_80' title='bbox 861 1710 950 1793; x_wconf 88' lang='lat' dir='ltr'><strong>Sept.</strong></span> <span class='ocrx_word' id='word_1_81' title='bbox 967 1712 1036 1776; x_wconf 87' lang='grc'><strong>464.</strong></span> <span class='ocrx_word' id='word_1_82' title='bbox 1054 1711 1166 1794; x_wconf 80' lang='lat' dir='ltr'><strong>Eurip.</strong></span> <span class='ocrx_word' id='word_1_83' title='bbox 1184 1711 1305 1776; x_wconf 89' lang='lat' dir='ltr'><strong>Phoen.</strong></span> <span class='ocrx_word' id='word_1_84' title='bbox 1322 1712 1391 1776; x_wconf 87' lang='grc'>406.</span> 
     </span>
    </p>
   </div>
   <div class='ocr_carea' id='block_1_4' title="bbox 269 1923 1392 2436">
    <p class='ocr_par' dir='ltr' id='par_1_5' title="bbox 270 1923 1146 2004">
     <span class='ocr_line' id='line_1_12' title="bbox 270 1923 1146 2004; baseline -0.009 -13"><span class='ocrx_word' id='word_1_85' title='bbox 270 1924 347 1991; x_wconf 85' lang='lat' dir='ltr'><strong>Oed.</strong></span> <span class='ocrx_word' id='word_1_86' title='bbox 369 1923 435 1989; x_wconf 82' lang='lat' dir='ltr'><strong>Col.</strong></span> <span class='ocrx_word' id='word_1_87' title='bbox 456 1925 516 1989; x_wconf 83' lang='lat'><strong>406</strong></span> <span class='ocrx_word' id='word_1_88' title='bbox 538 1926 627 2002; x_wconf 74' lang='grc' dir='ltr'><em>η’κάὶ</em></span> <span class='ocrx_word' id='word_1_89' title='bbox 649 1934 888 1985; x_wconf 76' lang='grc' dir='ltr'><em>κκτκσκιῶσι</em></span> <span class='ocrx_word' id='word_1_90' title='bbox 911 1928 1032 2004; x_wconf 74' lang='grc' dir='ltr'><em>Θηβκάηι</em></span> <span class='ocrx_word' id='word_1_91' title='bbox 1053 1930 1146 1996; x_wconf 56' lang='lat' dir='ltr'><strong>adrem</strong></span> 
     </span>
    </p>

    <p class='ocr_par' dir='ltr' id='par_1_6' title="bbox 269 2031 1392 2436">
     <span class='ocr_line' id='line_1_13' title="bbox 309 2031 1392 2113; baseline 0.001 -18"><span class='ocrx_word' id='word_1_92' title='bbox 309 2031 450 2111; x_wconf 84' lang='lat' dir='ltr'><strong>Ambigo</strong></span> <span class='ocrx_word' id='word_1_93' title='bbox 483 2031 685 2113; x_wconf 83' lang='lat' dir='ltr'><strong>corrigamne</strong></span> <span class='ocrx_word' id='word_1_94' title='bbox 717 2041 985 2110; x_wconf 69' lang='grc' dir='ltr'><em>κκτκστεμῶσι</em></span> <span class='ocrx_word' id='word_1_95' title='bbox 1016 2054 1088 2096; x_wconf 89' lang='lat' dir='ltr'><strong>oum</strong></span> <span class='ocrx_word' id='word_1_96' title='bbox 1120 2031 1327 2107; x_wconf 73' lang='lat' dir='ltr'><strong>Gleditsohio</strong></span> <span class='ocrx_word' id='word_1_97' title='bbox 1350 2055 1392 2096; x_wconf 94' lang='lat' dir='ltr'><strong>an</strong></span> 
     </span>
     <span class='ocr_line' id='line_1_14' title="bbox 269 2138 1391 2219; baseline 0.001 -17"><span class='ocrx_word' id='word_1_98' title='bbox 269 2147 558 2207; x_wconf 76' lang='grc' dir='ltr'><em>κατασκετῶσι,</em></span> <span class='ocrx_word' id='word_1_99' title='bbox 587 2139 673 2219; x_wconf 87' lang='lat' dir='ltr'><strong>quod</strong></span> <span class='ocrx_word' id='word_1_100' title='bbox 701 2140 798 2204; x_wconf 82' lang='lat' dir='ltr'><strong>etiam</strong></span> <span class='ocrx_word' id='word_1_101' title='bbox 827 2141 940 2205; x_wconf 88' lang='lat' dir='ltr'><strong>lenius.</strong></span> <span class='ocrx_word' id='word_1_102' title='bbox 969 2139 1046 2204; x_wconf 81' lang='lat' dir='ltr'><strong>Cum</strong></span> <span class='ocrx_word' id='word_1_103' title='bbox 1074 2142 1230 2217; x_wconf 71' lang='grc' dir='ltr'><em>σκεπάζειν</em></span> <span class='ocrx_word' id='word_1_104' title='bbox 1254 2138 1391 2203; x_wconf 86' lang='lat' dir='ltr'><strong>formam</strong></span> 
     </span>
     <span class='ocr_line' id='line_1_15' title="bbox 269 2244 1392 2327; baseline -0.001 -18"><span class='ocrx_word' id='word_1_105' title='bbox 269 2245 435 2327; x_wconf 87' lang='lat' dir='ltr'><strong>antiquam</strong></span> <span class='ocrx_word' id='word_1_106' title='bbox 463 2267 531 2310; x_wconf 89' lang='lat' dir='ltr'><strong>esse</strong></span> <span class='ocrx_word' id='word_1_107' title='bbox 559 2248 694 2325; x_wconf 87' lang='lat' dir='ltr'><strong>constet,</strong></span> <span class='ocrx_word' id='word_1_108' title='bbox 722 2246 808 2310; x_wconf 91' lang='lat' dir='ltr'><strong>haud</strong></span> <span class='ocrx_word' id='word_1_109' title='bbox 835 2246 929 2310; x_wconf 89' lang='lat' dir='ltr'><strong>dubie</strong></span> <span class='ocrx_word' id='word_1_110' title='bbox 955 2246 1042 2320; x_wconf 86' lang='lat' dir='ltr'><strong>casui</strong></span> <span class='ocrx_word' id='word_1_111' title='bbox 1069 2245 1284 2323; x_wconf 84' lang='lat' dir='ltr'><strong>tribuendum,</strong></span> <span class='ocrx_word' id='word_1_112' title='bbox 1305 2244 1392 2325; x_wconf 91' lang='lat' dir='ltr'><strong>quod</strong></span> 
     </span>
     <span class='ocr_line' id='line_1_16' title="bbox 270 2353 1241 2436; baseline 0.005 -25"><span class='ocrx_word' id='word_1_113' title='bbox 270 2358 506 2432; x_wconf 74' lang='grc' dir='ltr'><strong>κατασκευάζειν</strong></span> <span class='ocrx_word' id='word_1_114' title='bbox 527 2353 623 2420; x_wconf 86' lang='lat' dir='ltr'><strong>hodie</strong></span> <span class='ocrx_word' id='word_1_115' title='bbox 644 2356 771 2418; x_wconf 82' lang='lat' dir='ltr'><strong>tantum</strong></span> <span class='ocrx_word' id='word_1_116' title='bbox 792 2357 939 2419; x_wconf 87' lang='lat' dir='ltr'><strong>occurrat</strong></span> <span class='ocrx_word' id='word_1_117' title='bbox 961 2353 1047 2436; x_wconf 85' lang='lat' dir='ltr'><strong>apud</strong></span> <span class='ocrx_word' id='word_1_118' title='bbox 1067 2353 1241 2433; x_wconf 86' lang='lat' dir='ltr'><strong>sequiores.</strong></span> 
     </span>
    </p>
   </div>
   <div class='ocr_carea' id='block_1_5' title="bbox 268 2566 1392 3073">
    <p class='ocr_par' dir='ltr' id='par_1_7' title="bbox 268 2566 1392 3073">
     <span class='ocr_line' id='line_1_17' title="bbox 270 2566 1191 2649; baseline -0.005 -17"><span class='ocrx_word' id='word_1_119' title='bbox 270 2566 346 2633; x_wconf 80' lang='lat' dir='ltr'><strong>Oed.</strong></span> <span class='ocrx_word' id='word_1_120' title='bbox 368 2568 434 2635; x_wconf 84' lang='lat' dir='ltr'><strong>(lol.</strong></span> <span class='ocrx_word' id='word_1_121' title='bbox 455 2569 515 2632; x_wconf 82' lang='grc'><strong>443</strong></span> <span class='ocrx_word' id='word_1_122' title='bbox 757 2572 828 2628; x_wconf 86' lang='grc' dir='ltr'><em>άλλ’</em></span> <span class='ocrx_word' id='word_1_123' title='bbox 849 2571 936 2636; x_wconf 78' lang='grc' dir='ltr'><strong><em>ἔτους</em></strong></span> <span class='ocrx_word' id='word_1_124' title='bbox 957 2576 1081 2649; x_wconf 78' lang='grc' dir='ltr'><em>σμικροῦ</em></span> <span class='ocrx_word' id='word_1_125' title='bbox 1100 2575 1191 2648; x_wconf 79' lang='grc' dir='ltr'><em>χάριν</em></span> 
     </span>
     <span class='ocr_line' id='line_1_18' title="bbox 531 2675 1205 2756; baseline 0.001 -24"><span class='ocrx_word' id='word_1_126' title='bbox 531 2675 637 2755; x_wconf 79' lang='grc' dir='ltr'><em>φυγάς</em></span> <span class='ocrx_word' id='word_1_127' title='bbox 657 2675 733 2756; x_wconf 82' lang='grc' dir='ltr'><em>σφιν</em></span> <span class='ocrx_word' id='word_1_128' title='bbox 754 2676 809 2754; x_wconf 78' lang='grc' dir='ltr'><strong>ἔξω</strong></span> <span class='ocrx_word' id='word_1_129' title='bbox 832 2681 954 2753; x_wconf 84' lang='grc' dir='ltr'><em>ττωχὸς</em></span> <span class='ocrx_word' id='word_1_130' title='bbox 974 2681 1048 2754; x_wconf 82' lang='grc' dir='ltr'><strong>ηλώ</strong></span> <span class='ocrx_word' id='word_1_131' title='bbox 1056 2696 1129 2754; x_wconf 93' lang='grc' dir='ltr'><strong>μην</strong></span> <span class='ocrx_word' id='word_1_132' title='bbox 1151 2682 1205 2734; x_wconf 72' lang='lat' dir='ltr'><strong>del.</strong></span> 
     </span>
     <span class='ocr_line' id='line_1_19' title="bbox 312 2779 1392 2864; baseline 0.004 -21"><span class='ocrx_word' id='word_1_133' title='bbox 312 2779 484 2862; x_wconf 89' lang='lat' dir='ltr'><strong>Perperam</strong></span> <span class='ocrx_word' id='word_1_134' title='bbox 511 2780 692 2845; x_wconf 84' lang='lat' dir='ltr'><strong>Meinekius</strong></span> <span class='ocrx_word' id='word_1_135' title='bbox 713 2782 812 2846; x_wconf 87' lang='lat' dir='ltr'><strong>edidit</strong></span> <span class='ocrx_word' id='word_1_136' title='bbox 840 2787 1006 2861; x_wconf 83' lang='grc' dir='ltr'><em>ὠλόμην,</em></span> <span class='ocrx_word' id='word_1_137' title='bbox 1035 2805 1094 2864; x_wconf 90' lang='lat' dir='ltr'><strong>pro</strong></span> <span class='ocrx_word' id='word_1_138' title='bbox 1116 2804 1180 2863; x_wconf 93' lang='lat' dir='ltr'><strong>quo</strong></span> <span class='ocrx_word' id='word_1_139' title='bbox 1203 2782 1319 2847; x_wconf 85' lang='lat' dir='ltr'><strong>saltem</strong></span> <span class='ocrx_word' id='word_1_140' title='bbox 1338 2782 1392 2847; x_wconf 86' lang='lat' dir='ltr'><strong>de·</strong></span> 
     </span>
     <span class='ocr_line' id='line_1_20' title="bbox 271 2887 1392 2971; baseline 0.004 -21"><span class='ocrx_word' id='word_1_141' title='bbox 271 2887 383 2950; x_wconf 85' lang='lat' dir='ltr'><strong>buerat</strong></span> <span class='ocrx_word' id='word_1_142' title='bbox 411 2890 564 2965; x_wconf 81' lang='grc' dir='ltr'><em>ὠλλύμην,</em></span> <span class='ocrx_word' id='word_1_143' title='bbox 590 2909 666 2951; x_wconf 83' lang='lat' dir='ltr'><strong>narn</strong></span> <span class='ocrx_word' id='word_1_144' title='bbox 693 2911 824 2970; x_wconf 89' lang='lat' dir='ltr'><strong>prorsus</strong></span> <span class='ocrx_word' id='word_1_145' title='bbox 852 2889 1066 2954; x_wconf 86' lang='lat' dir='ltr'><strong>necessarium</strong></span> <span class='ocrx_word' id='word_1_146' title='bbox 1088 2893 1137 2954; x_wconf 86' lang='lat' dir='ltr'><strong>est</strong></span> <span class='ocrx_word' id='word_1_147' title='bbox 1156 2889 1392 2971; x_wconf 84' lang='lat' dir='ltr'><strong>imperfectum.</strong></span> 
     </span>
     <span class='ocr_line' id='line_1_21' title="bbox 268 2991 768 3073; baseline -0.01 -16"><span class='ocrx_word' id='word_1_148' title='bbox 268 2991 331 3057; x_wconf 85' lang='lat' dir='ltr'><strong>Sed</strong></span> <span class='ocrx_word' id='word_1_149' title='bbox 352 3015 463 3058; x_wconf 87' lang='lat' dir='ltr'><strong>sanum</strong></span> <span class='ocrx_word' id='word_1_150' title='bbox 487 2994 613 3058; x_wconf 89' lang='lat' dir='ltr'><strong>videtur</strong></span> <span class='ocrx_word' id='word_1_151' title='bbox 633 2999 768 3073; x_wconf 81' lang='grc' dir='ltr'><em>ηλώμην.</em></span> 
     </span>
    </p>
   </div>
   <div class='ocr_carea' id='block_1_6' title="bbox 271 3203 1110 3385">
    <p class='ocr_par' dir='ltr' id='par_1_8' title="bbox 271 3203 1110 3385">
     <span class='ocr_line' id='line_1_22' title="bbox 271 3203 1110 3286; baseline -0.005 -15"><span class='ocrx_word' id='word_1_152' title='bbox 271 3204 348 3271; x_wconf 85' lang='lat' dir='ltr'><strong>Oed.</strong></span> <span class='ocrx_word' id='word_1_153' title='bbox 370 3203 437 3270; x_wconf 80' lang='lat' dir='ltr'><strong>Col.</strong></span> <span class='ocrx_word' id='word_1_154' title='bbox 459 3207 527 3271; x_wconf 87' lang='lat' dir='ltr'><strong>5ll.</strong></span> <span class='ocrx_word' id='word_1_155' title='bbox 551 3205 645 3271; x_wconf 81' lang='lat' dir='ltr'><strong>Chor.</strong></span> <span class='ocrx_word' id='word_1_156' title='bbox 668 3209 746 3285; x_wconf 75' lang='grc' dir='ltr'><em>ὅμως</em></span> <span class='ocrx_word' id='word_1_157' title='bbox 767 3209 793 3264; x_wconf 80' lang='grc' dir='ltr'><strong>δ’</strong></span> <span class='ocrx_word' id='word_1_158' title='bbox 816 3209 873 3286; x_wconf 82' lang='grc' dir='ltr'><strong>ὥρκ</strong></span> <span class='ocrx_word' id='word_1_159' title='bbox 895 3228 933 3286; x_wconf 89' lang='grc' dir='ltr'><strong>με</strong></span> <span class='ocrx_word' id='word_1_160' title='bbox 955 3203 1110 3270; x_wconf 59' lang='lat' dir='ltr'><strong>russeum.</strong></span> 
     </span>
     <span class='ocr_line' id='line_1_23' title="bbox 551 3312 816 3385; baseline -0.023 -6"><span class='ocrx_word' id='word_1_161' title='bbox 551 3312 628 3380; x_wconf 88' lang='lat' dir='ltr'><strong>Oed.</strong></span> <span class='ocrx_word' id='word_1_162' title='bbox 667 3320 695 3373; x_wconf 76' lang='lat' dir='ltr'><strong>ri</strong></span> <span class='ocrx_word' id='word_1_163' title='bbox 716 3321 816 3385; x_wconf 73' lang='grc' dir='ltr'><em>σκῦτος</em></span> 
     </span>
    </p>
   </div>
   <div class='ocr_carea' id='block_1_7' title="bbox 270 3420 1393 4252">
    <p class='ocr_par' dir='ltr' id='par_1_9' title="bbox 552 3420 1262 3607">
     <span class='ocr_line' id='line_1_24' title="bbox 552 3420 1262 3503; baseline -0.007 -18"><span class='ocrx_word' id='word_1_164' title='bbox 552 3420 645 3485; x_wconf 78' lang='lat' dir='ltr'><strong>Cher.</strong></span> <span class='ocrx_word' id='word_1_165' title='bbox 668 3429 736 3486; x_wconf 84' lang='grc' dir='ltr'><strong>τάς</strong></span> <span class='ocrx_word' id='word_1_166' title='bbox 756 3423 889 3487; x_wconf 71' lang='grc' dir='ltr'><em>δειλκάκς</em></span> <span class='ocrx_word' id='word_1_167' title='bbox 909 3428 1046 3503; x_wconf 62' lang='lat' dir='ltr'><strong>eropon</strong></span> <span class='ocrx_word' id='word_1_168' title='bbox 1068 3421 1262 3503; x_wconf 73' lang='grc' dir='ltr'><em>Φκνεὶσκτ</em></span> 
     </span>
     <span class='ocr_line' id='line_1_25' title="bbox 671 3529 1118 3607; baseline 0.007 -22"><span class='ocrx_word' id='word_1_169' title='bbox 671 3531 901 3606; x_wconf 79' lang='grc' dir='ltr'><em>άλγηδάνυς,</em></span> <span class='ocrx_word' id='word_1_170' title='bbox 923 3529 943 3602; x_wconf 74' lang='grc' dir='ltr'><strong><em>β</em></strong></span> <span class='ocrx_word' id='word_1_171' title='bbox 964 3533 1118 3607; x_wconf 79' lang='grc' dir='ltr'><em>ξυνέστκς.</em></span> 
     </span>
    </p>

    <p class='ocr_par' dir='ltr' id='par_1_10' title="bbox 270 3630 1393 4127">
     <span class='ocr_line' id='line_1_26' title="bbox 311 3630 1391 3718; baseline 0.006 -23"><span class='ocrx_word' id='word_1_172' title='bbox 311 3630 349 3696; x_wconf 90' lang='lat' dir='ltr'><strong>In</strong></span> <span class='ocrx_word' id='word_1_173' title='bbox 376 3632 437 3696; x_wconf 85' lang='lat' dir='ltr'><strong>hae</strong></span> <span class='ocrx_word' id='word_1_174' title='bbox 464 3633 618 3698; x_wconf 89' lang='lat' dir='ltr'><strong>librorum</strong></span> <span class='ocrx_word' id='word_1_175' title='bbox 647 3634 806 3717; x_wconf 86' lang='lat' dir='ltr'><strong>scriptura</strong></span> <span class='ocrx_word' id='word_1_176' title='bbox 832 3658 896 3700; x_wconf 92' lang='lat' dir='ltr'><strong>non</strong></span> <span class='ocrx_word' id='word_1_177' title='bbox 921 3639 1048 3702; x_wconf 87' lang='lat' dir='ltr'><strong>tentum</strong></span> <span class='ocrx_word' id='word_1_178' title='bbox 1068 3636 1235 3718; x_wconf 85' lang='lat' dir='ltr'><strong>genetivus</strong></span> <span class='ocrx_word' id='word_1_179' title='bbox 1255 3636 1302 3700; x_wconf 87' lang='lat' dir='ltr'><strong>rei</strong></span> <span class='ocrx_word' id='word_1_180' title='bbox 1323 3658 1391 3701; x_wconf 85' lang='lat' dir='ltr'><strong>eus·</strong></span> 
     </span>
     <span class='ocr_line' id='line_1_27' title="bbox 270 3735 1391 3824; baseline -0.002 -22"><span class='ocrx_word' id='word_1_181' title='bbox 270 3761 389 3821; x_wconf 84' lang='lat' dir='ltr'><strong>pensus</strong></span> <span class='ocrx_word' id='word_1_182' title='bbox 407 3763 426 3803; x_wconf 88' lang='lat' dir='ltr'><strong>a</strong></span> <span class='ocrx_word' id='word_1_183' title='bbox 445 3735 590 3800; x_wconf 66' lang='grc' dir='ltr'><em>τυθέσθκι</em></span> <span class='ocrx_word' id='word_1_184' title='bbox 607 3745 742 3823; x_wconf 86' lang='lat' dir='ltr'><strong>propter</strong></span> <span class='ocrx_word' id='word_1_185' title='bbox 759 3743 987 3824; x_wconf 87' lang='lat' dir='ltr'><strong>interpositum</strong></span> <span class='ocrx_word' id='word_1_186' title='bbox 1007 3743 1233 3809; x_wconf 80' lang='lat' dir='ltr'><strong>Accusativum</strong></span> <span class='ocrx_word' id='word_1_187' title='bbox 1247 3748 1275 3801; x_wconf 74' lang='lat' dir='ltr'><strong>u</strong></span> <span class='ocrx_word' id='word_1_188' title='bbox 1290 3749 1391 3813; x_wconf 66' lang='lat' dir='ltr'><strong>roem</strong></span> 
     </span>
     <span class='ocr_line' id='line_1_28' title="bbox 270 3848 1391 3928; baseline -0.003 -18"><span class='ocrx_word' id='word_1_189' title='bbox 270 3848 427 3911; x_wconf 89' lang='lat' dir='ltr'><strong>mirabilis</strong></span> <span class='ocrx_word' id='word_1_190' title='bbox 449 3852 507 3925; x_wconf 82' lang='lat' dir='ltr'><strong>est,</strong></span> <span class='ocrx_word' id='word_1_191' title='bbox 527 3848 581 3912; x_wconf 86' lang='lat' dir='ltr'><strong>sed</strong></span> <span class='ocrx_word' id='word_1_192' title='bbox 603 3849 699 3912; x_wconf 88' lang='lat' dir='ltr'><strong>etiem</strong></span> <span class='ocrx_word' id='word_1_193' title='bbox 722 3849 855 3913; x_wconf 87' lang='lat' dir='ltr'><strong>offendit</strong></span> <span class='ocrx_word' id='word_1_194' title='bbox 878 3849 1074 3915; x_wconf 86' lang='lat' dir='ltr'><strong>abundantia</strong></span> <span class='ocrx_word' id='word_1_195' title='bbox 1093 3850 1265 3915; x_wconf 87' lang='lat' dir='ltr'><strong>verborum</strong></span> <span class='ocrx_word' id='word_1_196' title='bbox 1285 3854 1391 3928; x_wconf 80' lang='grc' dir='ltr'><em>άτόρυυ</em></span> 
     </span>
     <span class='ocr_line' id='line_1_29' title="bbox 271 3951 1393 4038; baseline 0.008 -27"><span class='ocrx_word' id='word_1_197' title='bbox 271 3951 428 4033; x_wconf 75' lang='grc' dir='ltr'><em>φκνεὶσκς,</em></span> <span class='ocrx_word' id='word_1_198' title='bbox 456 3954 615 4036; x_wconf 88' lang='lat' dir='ltr'><strong>imprimis</strong></span> <span class='ocrx_word' id='word_1_199' title='bbox 643 3955 816 4037; x_wconf 81' lang='lat' dir='ltr'><strong>participii.</strong></span> <span class='ocrx_word' id='word_1_200' title='bbox 844 3955 968 4020; x_wconf 82' lang='lat' dir='ltr'><strong>Olarior</strong></span> <span class='ocrx_word' id='word_1_201' title='bbox 991 3957 1106 4021; x_wconf 85' lang='lat' dir='ltr'><strong>saltem</strong></span> <span class='ocrx_word' id='word_1_202' title='bbox 1127 3962 1159 4022; x_wconf 92' lang='lat' dir='ltr'><strong>et</strong></span> <span class='ocrx_word' id='word_1_203' title='bbox 1178 3957 1288 4038; x_wconf 83' lang='lat' dir='ltr'><strong>aptior</strong></span> <span class='ocrx_word' id='word_1_204' title='bbox 1306 3956 1393 4021; x_wconf 86' lang='lat' dir='ltr'><strong>foret</strong></span> 
     </span>
     <span class='ocr_line' id='line_1_30' title="bbox 270 4059 623 4127; baseline 0.011 -5"><span class='ocrx_word' id='word_1_205' title='bbox 270 4059 490 4125; x_wconf 84' lang='lat' dir='ltr'><strong>huiuscemodi</strong></span> <span class='ocrx_word' id='word_1_206' title='bbox 511 4062 623 4127; x_wconf 85' lang='lat' dir='ltr'><strong>leutio:</strong></span> 
     </span>
    </p>

    <p class='ocr_par' dir='ltr' id='par_1_11' title="bbox 510 4169 1085 4252">
     <span class='ocr_line' id='line_1_31' title="bbox 510 4169 1085 4252; baseline 0.005 -25"><span class='ocrx_word' id='word_1_207' title='bbox 510 4174 577 4235; x_wconf 83' lang='grc' dir='ltr'><strong>τάς</strong></span> <span class='ocrx_word' id='word_1_208' title='bbox 598 4173 730 4236; x_wconf 64' lang='lat' dir='ltr'><strong>lectulus</strong></span> <span class='ocrx_word' id='word_1_209' title='bbox 751 4173 882 4230; x_wconf 82' lang='grc' dir='ltr'><em>άτόάεν</em></span> <span class='ocrx_word' id='word_1_210' title='bbox 904 4169 1085 4252; x_wconf 82' lang='grc' dir='ltr'><em>Φάνησκν</em></span> 
     </span>
    </p>
   </div>
   <div class='ocr_carea' id='block_1_8' title="bbox 0 0 1589 5002">
    <p class='ocr_par' dir='ltr' id='par_1_12' title="bbox 0 0 1589 5002">
     <span class='ocr_line' id='line_1_32' title="bbox 0 0 1589 5002; baseline 0 0"><span class='ocrx_word' id='word_1_211' title='bbox 0 0 1589 5002; x_wconf 95' lang='lat' dir='ltr'><strong> </strong></span> 
     </span>
    </p>
   </div>
  </div>
 </body>
</html>
