3166 5002
782 564 822 628 30

444 757 534 833 ψυχᾷ
555 761 716 832 πολέμους·
737 758 781 810 τά
803 755 840 810 δὲ
863 759 941 814 τοῖς
962 753 1098 814 δυνατοῖς

446 865 497 922 οὐκ
519 866 619 942 ε’ριστά
642 855 810 919 τλάθειν.

285 971 351 1036 Alii
369 971 462 1037 aliter
479 970 565 1035 huno
585 970 689 1034 locum
707 971 917 1050 sempternus,
936 987 1029 1030 nemo
1047 987 1098 1030 me
1117 964 1221 1029 iudice
1239 963 1364 1028 felicius

245 1079 469 1158 Wakefieldiq
489 1078 544 1159 qui
560 1077 623 1141 hoe
636 1079 722 1140 certe
737 1075 902 1158 perspexit
916 1074 975 1137 sub
987 1068 1117 1134 τλαθειν
1127 1072 1227 1137 latere
1248 1073 1363 1129 τλαθι.

246 1185 325 1250 Cum
357 1189 468 1250 tamen
497 1185 544 1248 ita
570 1184 787 1264 requireretur
813 1186 854 1261 μὴ
883 1203 942 1264 pro
970 1183 1002 1240 οθ
1031 1184 1065 1246 ei
1091 1180 1246 1262 cogitatio
1278 1178 1364 1242 iusto

246 1293 413 1358 obscurius
434 1290 713 1370 enuntiasset,
735 1289 959 1372 corrigendum
981 1288 1141 1370 suspicor:

767 1399 810 1456 σθ
832 1401 875 1465 δ’,
896 1401 975 1456 ε’τει
996 1400 1132 1461 δυνατοῖς

486 1510 537 1567 οὐκ
557 1511 668 1586 ε’ριστά,
690 1509 811 1565 τλοῖθι.

245 1617 266 1680 i.
287 1638 314 1680 e.
344 1620 387 1680 iu
420 1637 530 1693 vero,
562 1615 656 1694 quia
688 1635 773 1678 oum
804 1611 1049 1693 potentibus
1080 1608 1273 1675 contendi
1304 1629 1365 1671 ne·

131 1759 133 1764 ·
246 1724 351 1805 quii,
373 1723 512 1805 perfer
532 1725 570 1785 ei
591 1720 752 1785 obdura.
783 1717 841 1782 His
866 1718 994 1799 scriptis
1016 1717 1107 1798 video
1132 1715 1365 1780 Glediisohium

245 1850 441 1913 proponere:
461 1832 493 1886 τθ
512 1830 542 1885 δὲ
560 1835 641 1896 ,,τοῖς
659 1829 794 1891 δυνατοῖς
812 1826 863 1883 οὐκ
881 1830 1001 1904 ε’ριστά”
1019 1826 1111 1893 λάθει,
1129 1824 1162 1887 in
1179 1845 1242 1903 qua
1254 1844 1366 1902 quam·

246 1937 294 2001 vis
314 1935 481 2018 ingeniosa
502 1934 686 1999 coniectura
707 1932 850 2012 desidero
872 1953 1048 2016 pronomen
1071 1937 1112 1989 σέ.
1139 2021 1141 2025 y

246 2151 347 2216 Eletr.
368 2151 428 2214 226
449 2155 506 2208 τίνι
526 2155 583 2229 γάρ
606 2155 690 2207 τοτ’
712 2152 731 2206 ά
739 2169 771 2217 ν,
793 2150 813 2206 ὤ
836 2147 926 2229 φιλία
948 2141 1092 2224 porsina,

448 2255 617 2338 πρόσφορον
635 2259 843 2334 ἀκούσαιμ’
866 2257 942 2323 θ’τος,
963 2260 1019 2312 τῖνι
1043 2254 1198 2336 φρονοῦντι
1221 2257 1332 2330 καίριος

447 2368 534 2423 άνετέ
553 2371 585 2442 μ’
606 2368 701 2432 θ’νετε,
723 2368 879 2443 παράγοροι
901 2366 962 2420 κτέ.

288 2468 402 2533 Paucis
431 2470 522 2533 annis
550 2469 668 2534 abhino
692 2470 725 2534 in
749 2468 958 2550 Mnemosyne
982 2466 1109 2550 X112p.
1133 2466 1192 2530 317
1217 2487 1264 2546 sq.
1292 2487 1368 2547 pro-

247 2575 324 2640 bare
351 2580 484 2641 conatus
511 2598 581 2639 sum
603 2575 793 2640 sententiam
815 2576 877 2640 loci
896 2575 1058 2656 requirere
1078 2571 1276 2638 huiscemodi
1298 2594 1368 2636 eor·

248 2685 438 2749 restionem:

330 2798 386 2849 τῖνι
407 2796 464 2871 γάρ
487 2794 524 2849 τθ
547 2796 626 2860 σάν,
649 2793 670 2849 ὦ
693 2790 782 2873 φιλῖα
804 2785 947 2867 γενέθλα,

331 2897 496 2979 τρθσφορον
518 2904 680 2957 άκοῦσαῖ
702 2904 778 2956 ’στ’
801 2899 876 2966 ἔτος,
897 2904 954 2956 τῖνι
975 2895 1131 2978 φρονοῦντι
1153 2901 1266 2976 καίριος
1287 2893 1348 2952 κτέ.

249 3109 350 3175 Elect.
371 3110 431 3174 328
451 3116 507 3168 τίν’
528 3109 565 3169 αὖ
588 3112 625 3168 σθ
647 3113 735 3189 τάνδε
757 3113 826 3189 τρθς
846 3104 977 3190 θυρῶνος
998 3113 1144 3187 ἐξόδοις

451 3221 612 3278 ἐλθοῦσα
635 3218 753 3300 φωνεῖς,
775 3220 796 3276 ὦ
818 3221 997 3296 κασιγνήτη,
1020 3215 1132 3298 φάτινς

290 3323 381 3389 Ferri
403 3347 467 3388 non
487 3347 583 3406 posse
604 3325 649 3388 sio
669 3325 811 3406 positum
833 3327 958 3383 ἐλθοῦσα
982 3325 1097 3388 dudum
1120 3323 1203 3405 apud
1223 3345 1273 3386 me
1294 3345 1369 3387 oon·

250 3434 324 3509 siat,
352 3431 462 3512 imque
492 3453 576 3495 nuno
604 3430 746 3495 monenti
777 3429 955 3495 Schmidtio
985 3430 1173 3512 planissime
1203 3430 1370 3509 assentior,

251 3538 304 3601 sed
336 3537 421 3617 quod
451 3559 512 3620 pro
544 3559 581 3602 eo
609 3537 820 3602 substitutum
848 3538 916 3602 voit
943 3543 1086 3615 οῖχνοῦσα
1114 3542 1248 3620 propter
1275 3537 1370 3601 huius

250 3642 413 3725 participii
441 3649 517 3724 post
545 3645 642 3708 verbe
668 3647 737 3723 τρθς
763 3639 894 3724 θυρῶνος
921 3649 1028 3723 ἐξόδοις
1054 3645 1283 3710 κθοοθαιιθὶοιι]
1308 3645 1371 3710 1οοὶ

251 3751 330 3815 viiio
348 3771 412 3814 non
428 3749 545 3814 mederi
560 3773 661 3831 aeque
676 3751 756 3814 mihi
769 3773 955 3833 persuasum
971 3751 1023 3815 sii.
1041 3750 1151 3833 Longe
1165 3752 1272 3836 aptius
1287 3751 1372 3815 foret

251 3857 402 3926 θθουσα,
435 3878 542 3920 more
572 3859 658 3937 iuo,
690 3879 785 3937 quam
818 3857 1028 3922 coniecturam
1062 3880 1153 3922 suam
1176 3858 1371 3923 lenissimam

250 3962 422 4042 aliquando
440 3985 562 4028 mecum
583 3963 828 4028 communicavit
845 3961 1008 4028 Mehlerus
1022 3987 1120 4043 meus,
1132 3964 1182 4029 oui
1193 3964 1272 4029 nihil
1285 3964 1371 4029 aliud

252 4067 421 4134 obmorere
440 4093 568 4154 possum
586 4092 682 4151 quam
696 4069 902 4135 Homericum
917 4071 979 4135 hoo
993 4071 1198 4154 participium
1213 4093 1372 4153 nusquam

252 4175 327 4239 alibi
350 4176 383 4239 in
403 4177 572 4260 tragoedia
592 4181 755 4260 repertum
774 4199 852 4243 esse.
873 4177 947 4259 Ipse
968 4179 1108 4260 cogitavi
1129 4179 1167 4244 de
1187 4179 1371 4260 reponendo
