3166 5002
802 542 842 607 40

263 727 365 790 Elect.
387 727 473 790 1250.
495 725 548 791 Or.
570 727 677 804 ἔξοιδα,
700 735 761 795 ποῖ,
783 731 879 785 τοῦτ’·
901 729 971 788 άλλ’
993 731 1064 788 όποον
1085 733 1273 806 ποορουπόοο

573 833 599 914 φ
606 837 715 912 ράζμ,
737 836 799 892 πότ’
820 835 912 912 άργοιν
934 838 1040 894 τῶνδε.
1046 838 1214 914 μεμνῆσθαι
1235 841 1342 914 χρεών.

303 939 447 1018 Reliquis
473 939 508 1002 in
535 939 641 1002 locum
668 939 879 1020 depravatum
907 941 1108 1020 coniecturis,
1137 964 1272 1022 quarum
1294 942 1383 1008 nulla
1420 1027 1423 1031 ἡ

262 1045 343 1109 mihi
364 1045 531 1124 satisfacit,
552 1045 682 1109 accedat
702 1045 782 1108 haec
801 1067 887 1109 mea:

764 1153 836 1209 ἀλλ’
857 1154 928 1210 όποιν
949 1172 1012 1230 περ
1034 1154 1113 1211 οόσ’
1135 1158 1176 1225 έρῑ

463 1260 640 1341 φράζειν,
662 1264 723 1318 πότ’
744 1260 837 1338 άργοιν
858 1262 950 1318 τῶνδε
972 1255 1147 1338 μεμνῆσθαι
1167 1267 1274 1340 χρεών.

262 1434 363 1498 Elect.
386 1435 473 1498 1292.
494 1438 634 1512 χρόνου
655 1438 713 1513 γάρ
734 1435 771 1490 άν
793 1451 837 1489 σοι
858 1435 957 1510 κοιιρὸν
978 1435 1143 1511 ε’ξειργοι
1165 1438 1288 1509 λόγος.

301 1539 430 1622 Duplex
468 1538 638 1604 Schmidtii
674 1538 858 1602 coniectura
891 1542 998 1616 χρόνος
1028 1572 1067 1580 -
1096 1540 1197 1615 ἐξάγοι
1228 1544 1318 1614 λόγου
1350 1542 1382 1602 et

261 1648 415 1723 ψόγου-
437 1650 536 1724 ἐξάγοι
556 1650 674 1725 ’χρόνος
703 1643 818 1708 tribuit
849 1643 947 1708 verbo
974 1646 1092 1721 ἐξάγειν
1113 1641 1382 1724 significationem

261 1751 480 1828 afferendi,
515 1773 611 1832 quam
644 1772 809 1832 nunquam
835 1749 949 1814 habuit
980 1771 1084 1830 neque
1116 1750 1233 1814 habere
1263 1752 1380 1832 potuit.

260 1859 370 1941 Longe
399 1863 563 1942 praestare
595 1856 741 1921 videntur
772 1855 895 1920 Reiskii
926 1859 958 1920 et
989 1855 1152 1920 Dindorfii
1182 1856 1381 1938 suspiciones

259 1963 460 2030 Scholiastae
487 1965 580 2028 nixae
600 1962 878 2046 interpretatione,
902 1983 962 2044 pro
983 1968 1092 2042 χρόνου
1114 1965 1199 2042 όργου
1221 1964 1271 2030 rel
1294 1970 1380 2024 πόνου

260 2071 484 2151 corrigendum
508 2092 584 2134 esse.
606 2068 754 2133 Ceterum
773 2068 859 2133 hunc
877 2090 1012 2146 versum,
1032 2069 1088 2150 qui
1106 2071 1271 2135 commode
1290 2071 1380 2135 abes·

259 2180 317 2253 set,
344 2174 561 2258 Sophocleum
588 2197 656 2240 esse
684 2175 805 2239 dubito.
833 2211 873 2218 -
897 2174 988 2250 Quod
1015 2176 1101 2239 idem
1128 2175 1324 2242 Schmidtius
1351 2200 1379 2242 v.

260 2283 339 2348 1296
366 2305 425 2364 pro
447 2283 522 2345 οὕτω
543 2281 745 2347 scribendum
766 2282 921 2364 proponit
942 2285 1002 2361 όρο,
1023 2281 1101 2346 haec
1122 2282 1285 2367 Blaydesii
1307 2306 1380 2350 con·

258 2389 380 2453 icetura
407 2394 456 2453 est
482 2389 515 2452 in
543 2388 691 2453 Electrae
719 2387 858 2452 editione
879 2410 906 2451 a.
929 2387 1015 2451 1873.
1036 2387 1106 2454 Nec
1125 2393 1233 2474 tamen
1254 2412 1291 2454 ea
1311 2412 1380 2454 sus-

257 2497 385 2580 picione
405 2497 483 2560 satis
504 2496 649 2576 expediri
668 2494 749 2558 mihi
770 2495 918 2559 videntur
939 2517 1047 2558 versus
1069 2496 1302 2564 obscurissimi:

439 2604 532 2664 οὕτω
555 2605 580 2662 δ’
602 2605 679 2667 όπως
698 2606 796 2681 μάτηρ
819 2622 858 2660 πε
879 2605 920 2680 μὴ
943 2603 1191 2678 ’πιγνώοεποι

438 2711 556 2791 φαιδρῷ
578 2714 718 2788 προσώπῳ
740 2712 797 2785 νῷν
818 2711 1001 2767 ἐπελθόντοιν
1023 2712 1138 2788 δόμους.

257 2817 373 2898 quibus
401 2817 484 2881 mira
510 2816 625 2880 saltem
647 2814 772 2878 ratione
794 2814 910 2878 dicitur
931 2815 1017 2896 quod
1038 2816 1196 2881 sententia
1216 2819 1379 2899 postulat:

257 2923 346 2988 vide
385 2926 518 2987 autem
555 2944 601 2986 ne
639 2921 753 2986 laeto
791 2925 861 2984 tuo
894 2921 1010 2985 vultu
1040 2926 1171 2988 mater
1202 2925 1379 2989 animad-

243 3019 394 3093 ¹vertat
415 3051 486 3093 nos
509 3029 662 3092 domum
683 3027 853 3092 venisse.
875 3027 963 3104 Quae
984 3029 1141 3112 cogitatio
1163 3036 1284 3111 quanto
1302 3031 1379 3098 sim·

256 3136 371 3219 plicius
393 3135 530 3218 exprimi
551 3138 681 3218 poterat
702 3134 886 3200 scribendo:

436 3245 512 3306 όπιος
533 3245 570 3302 δὲ
591 3247 689 3320 μήτηρ
711 3249 759 3314 σῷ
781 3263 823 3317 γε
843 3245 884 3319 μὴ
908 3244 1184 3320 ’ποιιπόάοετοι

436 3347 554 3427 φαιδρῷ
575 3353 716 3428 προσώπῳ
738 3350 795 3425 νῷν
816 3343 1006 3408 ἐπελθόντοιν
1028 3352 1143 3427 δόμους.

255 3518 358 3583 Elect.
381 3519 459 3583 1358
480 3523 575 3598 ξυνών
595 3523 628 3598 μ’
650 3514 761 3598 ἔληθες
782 3521 841 3579 οὐδ’
864 3520 994 3600 ἔφαινες.

296 3621 434 3689 Omnino
451 3625 535 3689 facio
554 3647 626 3689 cum
643 3625 684 3691 iis
701 3625 757 3707 qui
775 3626 815 3690 ad
832 3625 955 3707 όφοιινες
970 3631 1076 3692 mente
1089 3632 1271 3710 repetentes
1282 3634 1377 3709 ξυνόν

255 3729 340 3796 hunc
370 3753 496 3795 versum
527 3753 639 3796 sanum
666 3753 733 3796 esse
757 3733 950 3811 existiment,
977 3755 1036 3798 nee
1064 3735 1239 3816 quidquam
1266 3736 1375 3800 tribuo

255 3836 473 3901 audacissimis
502 3836 660 3903 Schmidti
690 3839 891 3918 coniecturis,
923 3862 1012 3920 quas,
1042 3840 1070 3904 si
1100 3842 1183 3905 tanti
1215 3847 1273 3922 est,
1304 3844 1376 3908 vide

255 3944 341 4024 apud
361 3943 467 4026 ipsum
489 3965 563 4027 pag.
586 3945 643 4009 153
665 3966 712 4025 sq.

256 4127 357 4192 Elect.
386 4130 464 4192 1415
492 4136 564 4209 ὤμοι
593 4138 779 4210 πέπληγμαι.
800 4131 850 4196 ΕΙ.
872 4141 987 4200 ποιόπον,
1016 4139 1047 4190 el
1071 4137 1235 4204 πόένεις,
1257 4138 1375 4213 διπλῆν.
