3166 5002
528 1279 1031 1364 AD'FRAG'MENTA.

698 1505 858 1518 m

255 1647 298 1713 Iis
331 1671 414 1730 quae
434 1649 618 1715 adolescens
640 1649 756 1733 scripsi
775 1650 809 1713 in
836 1647 1230 1734 Exeroitationibus
1257 1648 1336 1712 meis

216 1755 384 1821 Oritieis
412 1761 443 1822 et
468 1764 584 1840 postea
609 1758 642 1821 in
670 1780 771 1823 novae
799 1756 1029 1838 Mnemosynae
1055 1758 1119 1822 vol.
1147 1757 1194 1822 Vl
1214 1780 1337 1842 nunes

215 1863 355 1946 repetita
374 1864 514 1930 lectione
534 1887 653 1947 paucas
674 1865 789 1930 addam
811 1865 1062 1930 observationes.

216 2075 267 2142 Fr.
291 2077 476 2156 ODXXL4
511 2133 521 2142 „
918 2083 993 2139 ὥστε
1015 2085 1151 2145 τέκτονος

497 2190 574 2264 rapat
594 2167 730 2265 ττοδμην
752 2191 876 2264 δόντος
898 2182 1036 2267 ὀρθοῦται
1058 2193 1165 2246 κοινών.

256 2291 325 2355 Ant
356 2296 428 2349 ἱένιιι
461 2296 539 2371 rapat
572 2295 709 2370 στάθμην
739 2293 859 2356 dietum
890 2295 929 2359 de
959 2294 1051 2359 fabro
1080 2294 1195 2358 lineam
1224 2293 1338 2376 regula

216 2397 389 2462 indicatam
418 2400 633 2480 persequenti,
660 2405 696 2463 nt
719 2399 953 2484 interpretatur
973 2399 1168 2479 Dindorfins‚
1188 2400 1251 2465 fuit
1271 2400 1337 2463 for·

217 2504 304 2568 mula
332 2505 410 2568 artis
439 2504 573 2583 fabrilis,
603 2528 696 2587 quarn
726 2506 821 2572 hodie
848 2507 1044 2588 ignoramus
1073 2512 1129 2572 aut
1155 2512 1249 2573 ἰόντος
1269 2529 1337 2572 cor-

216 2617 346 2694 ruptum
370 2616 427 2678 est.
449 2611 649 2694 Expectatur
672 2617 848 2692 ἴσχοντος
868 2614 906 2695 (s.
925 2614 1062 2695 ἔχοντος)
1082 2614 1132 2680 vel
1153 2608 1338 2683 τιθέντος,

216 2741 259 2784 so.
283 2724 334 2778 τὸν
355 2724 474 2780 κοινόνοι.

217 2931 270 2997 Fr.
291 2932 434 2997 GDLXX
457 2937 502 2993 Οὐ
523 2941 580 3015 γάρ
603 2955 648 3000 τις
669 2937 705 2994 ὢν
727 2938 846 2994 δύναιντο
868 2939 1023 3016 τρῳροιτὴς
1043 2925 1181 3017 οτροιτοῠΙ

456 3048 517 3106 τοῖς
530 3049 609 3116 Ιτοῖσι
631 3044 723 3119 δεῖξον
746 3047 794 3102 rat
816 3049 1011 3123 τροοοιρκέτοιι
1032 3049 1137 3124 χάριν·

457 3151 518 3206 tirsi
539 3151 599 3207 οὐδ’
621 3154 634 3208 δ
657 3154 798 3229 κρείττων
819 3150 894 3216 Ζεὺς
913 3154 986 3229 ἐμοῦ
1005 3155 1154 3230 τυραννίδι

458 3256 519 3313 οὔτ’
540 3259 783 3336 έξετομβρῶν
805 3258 866 3315 οὔτ’
886 3261 1092 3336 έτονχμήσος
1112 3257 1212 3338 φίλος.

257 3358 434 3440 Sophocles
463 3361 494 3424 h.
516 3362 546 3440 1.,
575 3363 662 3443 quod
689 3363 768 3426 facit
789 3363 914 3447 saepius
933 3363 1093 3446 imprimis
1110 3363 1144 3427 in
1161 3363 1338 3444 Antigona,

217 3466 409 3546 antiquioris
434 3471 549 3549 poetae
571 3469 761 3534 sententiam
783 3469 902 3534 attulit.
924 3469 1002 3544 Quis
1024 3470 1108 3534 enim
1129 3469 1208 3534 haee
1228 3469 1337 3551 legens

113 3571 125 3584 ⁴
217 3595 282 3638 non
303 3574 449 3638 meminit
470 3573 670 3658 Theognidei
690 3575 777 3640 illius
800 3598 828 3639 v.
848 3577 888 3640 25

818 3683 884 3740 οὐδὲ
904 3687 962 3761 γορ
984 3687 996 3741 δ
1017 3682 1092 3748 Ζεὺς

458 3789 516 3847 οὔθ’
539 3789 597 3846 ὕων
619 3791 761 3848 τάντεοο’
784 3791 903 3848 ἁνδάνει
926 3789 987 3848 οὔτ’
1009 3786 1152 3866 ονέχωνῖ

257 3891 320 3958 Sed
349 3892 467 3959 haereo
497 3896 531 3959 in
560 3895 657 3960 verbo
686 3894 865 3976 composito
895 3899 1091 3976 έξετομβριον,
1119 3894 1208 3959 ouius
1234 3893 1339 3976 prima

217 4001 416 4083 praepositio
445 4002 531 4066 omni
559 4003 591 4067 vi
617 4005 714 4066 earet.
743 4001 838 4067 Haud
863 4002 991 4083 quidem
1013 4002 1128 4085 ignoro
1149 4002 1285 4067 subinde
1305 4001 1339 4065 in

217 4109 385 4193 tragoedia
406 4130 475 4172 earn
496 4108 771 4191 praepositionem
791 4108 999 4190 perexiguam
1021 4108 1068 4174 vel
1089 4109 1198 4192 potius
1218 4109 1339 4173 nnllam

216 4214 282 4279 vim
320 4214 435 4280 addere
465 4215 570 4279 verbis
604 4215 802 4298 compositis,
834 4216 889 4281 sed
919 4221 1026 4281 tamen
1059 4238 1095 4281 ea
1128 4213 1340 4298 componendi
