3166 5002
658 558 893 674 '69'

425 760 475 817 τὸν
496 759 523 815 δ’
544 755 588 814 αὖ
609 751 776 835 λυθείσή
799 763 940 836 περιπετή
961 763 1177 836 προσκείμενον,
1199 762 1260 816 κτέ.

195 863 262 928 sive
282 862 386 928 lenius
408 863 470 927 sio:

424 974 480 1032 τὸν,
497 973 522 1029 δ’
544 969 627 1052 αμφὶ
649 977 746 1050 μέσσή
768 977 908 1050 περιπετή
929 977 1160 1050 προκειμένή,
1182 976 1242 1030 κτέ.

198 1077 271 1143 coll.
294 1077 491 1159 supra-1101
513 1082 545 1141 et
566 1077 656 1144 Aieo.
678 1078 766 1156 1059,
787 1099 852 1142 non
873 1077 1000 1142 tollitur
1021 1077 1203 1143 difficultas.

192 1344 305 1426 Anbig·
327 1317 410 1408 1235v
850 1339 852 1348 ’
867 1348 1034 1411 ἐπενταθεὶς

319 1447 321 1450 ¹
423 1453 518 1530 dem
539 1458 680 1531 πλευραῖς
702 1456 846 1530 μέσσον
868 1451 971 1528 ἔγχος,
993 1456 1053 1509 κτέ.

232 1555 296 1622 Pro
318 1563 429 1635 μέσσον
450 1558 565 1622 merito
583 1561 733 1640 suspecto
751 1555 917 1622 Nauolrius
934 1559 1070 1623 coniecit
1089 1564 1211 1636 πηκτόν,
1230 1559 1315 1640 quod

191 1667 299 1729 tomen
321 1664 432 1729 dubito
454 1687 530 1729 num
551 1665 630 1728 satis
651 1668 781 1729 tueatur
801 1665 890 1728 locus
910 1665 1000 1728 Aiao.
1021 1666 1089 1743 907,
1111 1665 1167 1729 ubi
1188 1665 1315 1746 additur

191 1775 222 1829 ἐν
236 1766 339 1849 χθονί.
358 1769 431 1852 lpse
442 1771 475 1835 in
496 1770 720 1853 Excerptis
740 1771 813 1836 dedi
831 1766 993 1850 θήκτον,
1012 1771 1145 1853 tragicis
1156 1770 1316 1836 familiare

192 1878 289 1961 gladii
311 1879 487 1962 epitheton.
511 1877 603 1954 Quod
623 1877 721 1942 Pollis
740 1878 877 1942 coniecit
895 1880 996 1937 δισσὸν
1015 1899 1073 1959 pro
1093 1881 1232 1956 δίστομον
1249 1877 1315 1941 dic·

190 1979 258 2049 turo
281 1985 428 2066 exemplo
450 1989 548 2060 earet,
570 2007 628 2049 neo
648 1984 817 2066 probabile
839 1990 886 2048 est
908 1987 1043 2064 propter
1065 1985 1153 2048 1233.

229 2091 338 2158 Verbo
358 2093 410 2157 hie
431 2095 575 2174 repetam
596 2092 783 2173 propositas
806 2091 884 2154 mihi
913 2087 1141 2172 Verslagen
1163 2090 1216 2154 ll.
1238 2113 1314 2156 oon-

189 2200 328 2298 ieeturos
348 2201 379 2264 in
403 2198 480 2264 Oed.
502 2198 582 2279 Reg.
604 2201 637 2262 et
659 2199 834 2279 Antigona.

231 2305 307 2371 Oed.
330 2305 409 2387 Reg.
431 2307 490 2371 409
512 2309 684 2365 κλύοντα
706 2308 791 2383 λέξαι
811 2326 871 2386 pro
895 2307 945 2363 ίσ’
968 2308 1156 2383 ἀντιλέξοι.
1177 2340 1217 2347 -
1238 2304 1314 2369 Ant.

190 2413 248 2479 782
269 2420 360 2473 νέων
381 2418 412 2479 ὃς
433 2419 463 2473 έν
486 2408 652 2491 στήθεσι
673 2417 789 2478 πίπτεις
807 2434 866 2494 pro
888 2413 1007 2492 ’Έριος
1034 2417 1065 2478 ὃς
1085 2417 1115 2470 έν
1143 2417 1314 2491 κτήμασι

190 2526 315 2587 πίπτεις.
335 2555 375 2566 -
401 2518 442 2584 V.
469 2521 528 2585 647
558 2519 662 2586 deleto
690 2520 883 2600 glossemate
909 2518 963 2601 ὑφ’
987 2523 1102 2598 ήδονής,
1124 2519 1313 2602 supplebsm

189 2634 245 2694 τας
277 2631 463 2709 (παρούσας
486 2638 566 2700 σοι>
601 2627 724 2709 φρένας,
752 2627 789 2692 ol.
817 2626 932 2692 Traeh.
961 2628 1019 2692 736
1041 2650 1088 2709 sq.
1119 2633 1152 2692 et
1176 2628 1231 2691 Ar.
1253 2627 1313 2708 Eq.

189 2736 268 2800 1119
286 2757 333 2816 sq.
354 2771 394 2778 -
416 2733 455 2799 V.
477 2735 537 2798 802
556 2725 735 2814 Ιμαλερῶν
764 2755 822 2815 pro
852 2738 937 2793 ταδ’
966 2739 1071 2814 ὁρῶν,
1097 2735 1183 2815 quod
1203 2737 1311 2798 tamen

189 2841 259 2906 ride
277 2861 341 2922 quo
360 2845 455 2922 poeto
473 2845 603 2906 tueatur
618 2838 785 2906 Nauokius
799 2841 832 2905 in
845 2841 985 2906 editione
998 2841 1178 2906 novissima.
1199 2839 1240 2905 V.·
1251 2841 1310 2904 906

188 2951 351 3026 ἐσήπετο
373 2969 433 3030 pro
458 2951 628 3026 ἐτήκετο.
649 2946 698 3012 De
719 2947 791 3011 aliis
813 2947 877 3011 iem
898 2948 1018 3012 monui.

186 3216 274 3281 Αιιο.
296 3217 354 3281 196
425 3239 428 3243 ·
486 3263 487 3266 ¹
739 3213 862 3298 ἐχθρῶν
883 3221 910 3276 δ’
932 3218 1015 3298 ὕβρις

386 3328 555 3402 αταρβήτος
576 3327 712 3403 ὁρμᾶτ’

386 3433 418 3487 έν
440 3430 593 3509 εῦανέμοις
613 3434 754 3502 βάσσαις,
776 3435 837 3492 κτέ.

225 3532 288 3599 Edi
313 3535 396 3599 solet
422 3534 607 3602 eTriolinii
629 3537 814 3602 coniectura
835 3544 970 3619 ίρμοίται.
990 3538 1054 3604 Sed
1074 3541 1162 3605 deest
1184 3546 1311 3606 senten-

184 3639 250 3706 tiae
271 3643 487 3708 necessarium
507 3643 708 3721 vocabulum,
730 3644 996 3727 seribendumque
1019 3646 1159 3712 videtur:

386 3754 557 3830 αταρβήτος
577 3755 673 3830 δρμςῑ
694 3759 762 3832 πῦρ

185 3853 206 3918 i.
228 3875 255 3918 e.
284 3858 322 3920 ὡς
349 3861 413 3935 πῦρ.
442 3855 488 3921 Of.
517 3855 612 3923 Hom.
641 3861 661 3918 Ξ
685 3859 753 3924 390.
782 3858 964 3924 Scholiasta
985 3860 1127 3925 scribens
1150 3867 1244 3920 λείπει
1266 3867 1311 3929 ὡς

185 3966 254 4040 πῦρ
281 3960 345 4026 iem
374 3966 448 4026 ante
477 3964 587 4029 oculos
618 3964 730 4029 babuit
758 3967 844 4047 quod
869 3966 964 4030 hodie
991 3967 1153 4032 scribitur.
1180 3967 1229 4033 De
1249 3991 1308 4033 usu

185 4067 392 4134 intransitive
410 4071 500 4144 verbi
520 4077 612 4151 ίρμιῖν
630 4073 708 4136 setis
727 4077 864 4150 constat,
885 4079 940 4152 πῦρ
958 4078 1065 4137 autem
1084 4073 1119 4137 in
1141 4073 1201 4138 hac
1223 4096 1309 4140 oom-

183 4174 352 4257 psratione
373 4175 480 4240 omitti
500 4178 646 4258 potuisse
667 4178 753 4244 haud
772 4178 867 4244 facile
888 4180 1026 4244 adducar
1047 4185 1083 4246 ut
1105 4182 1240 4248 credam.
