3166 5002
812 551 853 613 34

271 741 328 817 ζειν
350 737 388 802 dc
408 737 548 801 infausto
567 738 706 802 clamore
724 735 765 802 ab
783 736 1020 817 antiquioribus
1037 759 1104 802 non
1120 738 1345 821 usurpabatur.
1368 739 1391 817 ²)

269 839 394 908 Ibidem
409 866 438 908 r.
451 845 507 908 781
520 867 537 908 e
550 827 922 909 veterimea'coniectura
942 841 1173 930 (Versl'ageu
1194 868 1226 926 p.
1239 845 1291 927 12)
1304 845 1391 910 dedi:

889 952 960 1008 αλλ’
982 954 995 1008 δ
1018 959 1190 1029 προστατῶν

470 1062 577 1136 χρόνος
597 1059 742 1134 διῆχχε
763 1058 796 1134 μ’
817 1061 880 1114 αἰὲν
901 1060 939 1122 ὡς
959 1050 1157 1135 θανουμένην.

269 1185 329 1244 pro
351 1167 445 1241 διῆγε.
468 1164 543 1244 quia
563 1168 669 1243 χρόνος
690 1163 830 1244 aliquem
848 1166 962 1239 διάγειν
980 1163 1043 1227 dici
1059 1185 1125 1228 non
1141 1186 1237 1246 posse
1254 1164 1390 1231 videtur.

269 1385 372 1451 Elect.
394 1386 451 1451 795
473 1385 555 1468 Clyt.
579 1388 681 1445 ούκουν
704 1390 847 1466 Ὀρέστης
868 1391 917 1445 καὶ
939 1388 976 1445 σὺ
998 1389 1146 1445 παύσετον
1168 1390 1275 1456 πάδη

472 1493 522 1557 ΕΙ.
578 1488 747 1572 πεπαύμεθ’
769 1498 863 1571 ἡμεῖς,
885 1495 942 1570 ὀύχ
964 1496 1040 1560 ὅπως
1061 1498 1100 1551 σὲ
1123 1497 1284 1572 παύσομεν.

310 1598 425 1663 Melius
447 1599 620 1679 quadraret
639 1599 786 1664 Electrae
807 1611 1009 1682 responsum,
1030 1598 1057 1664 si
1073 1621 1138 1664 una
1154 1599 1264 1664 addita
1280 1598 1392 1664 littera

269 1705 479 1770 scriberetur:
1181 1696 1185 1702 ’

470 1807 648 1890 Hortarius&
670 1817 763 1890 ἡμεῖς,
785 1815 843 1891 ούχ
865 1815 941 1880 ὅπως
962 1811 1037 1893 σφε
1059 1814 1220 1890 παύσομεν.

268 1918 289 1981 i.
311 1940 337 1982 e.
358 1923 430 1978 τάδε
452 1922 614 1997 παύσομεν,
638 1921 672 1981 ut
694 1919 804 1982 monui
826 1918 869 1982 ll.
890 1940 966 2001 pag.
988 1919 1036 1983 70.

268 2158 369 2224 Elect.
393 2160 452 2224 812
773 2167 825 2219 νύν
847 2164 877 2219 δέ
904 2167 955 2218 ποῖ
971 2180 1009 2238 με
1029 2163 1090 2239 χρὴ
1112 2167 1230 2238 μολετνς

470 2270 544 2345 μόνη
567 2271 624 2345 γαρ
646 2272 715 2344 ειμι,
737 2268 838 2342 σού,τ’
860 2272 1081 2346 απεστερνρμένη

470 2377 518 2429 καὶ
541 2377 658 2451 πατρός.
682 2373 737 2450 ἤδη
760 2376 806 2430 δεῖ
823 2393 867 2450 με
889 2372 1089 2431 δουλεύειν
1111 2377 1231 2438 πάλινΙ

470 2483 484 2536 ε’
491 2498 507 2535 ν
536 2486 660 2536 τοισιν
682 2472 871 2555 ἐχθίστοισιν
894 2472 1058 2557 ανθρώπων
1079 2483 1141 2557 ἐμοὶ

470 2584 594 2666 φονεῦσι
616 2591 741 2664 πατρός·
761 2588 818 2665 ύρύ
838 2607 887 2664 μοι
910 2593 1010 2650 καλῶς
1030 2585 1111 2662 ἔχεις

470 2697 542 2749 αλλ’
564 2693 596 2749 ού
617 2712 645 2749 τι
667 2695 727 2770 μὴν
749 2692 845 2768 ἔγωγε
868 2698 920 2750 τού
940 2698 1044 2750 λοιπού
1064 2695 1174 2770 χρόνου

471 2799 575 2875 ἔσομαι
597 2799 728 2875 ξύνοικος
750 2803 810 2857 κτέ.

309 2903 479 2970 Schmidtii
497 2904 680 2968 coniectura
698 2906 753 2983 illa
773 2908 820 2964 δεῖ
833 2926 870 2983 με
886 2907 1086 2965 δουλεύειν
1104 2909 1240 2982 λύτριν
1259 2909 1390 2962 συνού-

270 3031 327 3070 σαν
354 3005 544 3087 ἐχθίστοισιν
571 3013 699 3091 praeter
726 3011 872 3074 mutandi
900 3011 1065 3075 audaciam
1093 3009 1217 3074 duobus
1237 3008 1389 3091 gravibus

268 3116 397 3181 laborat
418 3116 638 3181 incommodis.
659 3115 744 3180 Nam
766 3121 798 3181 et
818 3116 1014 3198 pleonastice
1032 3117 1152 3181 dictum
1174 3118 1223 3181 est
1241 3119 1389 3175 δουλεύειν

269 3228 384 3303 λατριν,
411 3226 443 3288 et
470 3245 535 3288 non
563 3223 672 3288 addito
700 3229 791 3283 πάλιν
812 3225 860 3289 vel
881 3231 935 3294 ast,
951 3224 1039 3288 haud
1059 3225 1139 3289 satis
1159 3222 1308 3288 convenit
1327 3223 1390 3287 loci

269 3330 455 3408 sententiae,
484 3331 561 3410 quia
580 3331 626 3394 sic
647 3330 725 3395 haec
745 3352 829 3395 nova
850 3330 997 3395 Electrae
1019 3330 1160 3395 conditio
1181 3329 1262 3392 nibil
1284 3328 1390 3393 differt

269 3435 310 3499 ab
339 3459 375 3501 ea
404 3459 467 3517 qua
493 3436 556 3500 fuit
577 3440 651 3502 ante
671 3441 810 3501 mortem
832 3434 927 3518 quam
948 3439 1043 3519 putat
1064 3435 1195 3515 Orestis,
1216 3436 1305 3500 cuius
1327 3458 1389 3518 ope

270 3564 304 3606 se
323 3542 386 3605 ista
407 3542 561 3607 servitute
580 3543 754 3607 liberatum
774 3543 813 3607 iri
835 3547 1028 3625 speraverat.
1134 3592 1139 3604 .

309 3647 363 3713 Me
389 3649 417 3712 si
437 3649 539 3726 audis,
567 3671 677 3714 versus
703 3650 762 3715 813
790 3650 861 3714 vitii
888 3649 981 3733 plana
1007 3649 1158 3714 immunis
1186 3653 1244 3723 est,
1271 3648 1326 3713 sed
1354 3647 1389 3711 in

270 3799 482 3810 -.-———-—

310 3892 327 3957 ¹)
345 3897 440 3945 Contra
459 3896 518 3943 vide
536 3908 569 3942 an
588 3893 718 3952 Aeschylo
737 3894 887 3952 Agamemn.
910 3895 961 3940 586
980 3894 1140 3941 reddendum
1160 3894 1207 3941 sil:

371 3980 470 4055 δομοις
491 3979 522 4034 δὲ
543 3979 639 4054 ταύτα
661 3978 709 4031 καὶ
732 3975 985 4052 Κλυταιμνήστρα
1007 3976 1094 4049 (1.-
1113 3976 1184 4051 στα)
1205 3979 1307 4052 μέλειν

369 4073 446 4135 εἰκὸς
465 4074 611 4149 μάλιστα,
633 4068 688 4125 σύν
708 4068 740 4124 δ’
763 4069 996 4145 έπολολύζειν
1017 4070 1077 4145 έμέ.

269 4167 314 4215 ubi
332 4167 456 4214 traditum
475 4176 515 4213 esc
534 4165 569 4219 δὲ
591 4163 811 4238 πλουτίζειν.
830 4164 868 4212 Of.
886 4164 965 4212 Arist.
984 4163 1030 4224 Eq,
1051 4165 1111 4212 616.
