3166 5002
818 554 858 618 12

318 738 478 820 Responsi
498 739 581 804 ratio
603 739 732 804 suadet:

640 849 678 911 ὥς
697 849 728 922 χ’
758 851 947 925 ἐκπλαγῆναι
969 852 1030 906 κτέ.

277 951 298 1014 i.
320 974 345 1015 e.
373 953 451 1020 οιδο,
473 955 511 1016 ὡς
532 950 578 1032 (--
601 950 689 1031 dore)
711 957 910 1031 έκπλογννοι,
932 976 1006 1017 nam
1027 953 1204 1036 Sophocles
1225 957 1269 1018 ut.
1282 958 1399 1036 poetae

278 1079 387 1122 omnes
415 1057 484 1139 (qui
512 1080 588 1122 usus
617 1059 763 1139 sequiore
790 1062 896 1148 aetate
923 1063 959 1124 ut
983 1059 1114 1141 poetice.
1134 1061 1238 1125 multu
1257 1061 1400 1125 manavit

278 1165 312 1229 in
334 1164 513 1229 orationem
529 1165 720 1246 pedestrem,
739 1188 814 1229 nam
832 1167 918 1245 quod
935 1166 989 1230 hic
1002 1166 1069 1230 illic
1086 1167 1206 1248 legitur
1217 1168 1303 1250 apud
1315 1169 1398 1232 anti-

278 1269 407 1351 quiores
434 1292 551 1353 prosae
578 1271 751 1353 scriptores
778 1272 918 1336 librariis
939 1273 1120 1354 tribuerim)
1143 1296 1237 1357 saepe
1258 1279 1297 1340 ὡς
1318 1275 1400 1339 dixit

279 1399 339 1458 pro
355 1380 439 1436 ὥστε.
457 1376 616 1460 Exempla
635 1377 724 1442 dubit
742 1378 927 1443 Dindorfius
943 1380 977 1443 in
997 1380 1057 1444 lex.
1076 1379 1175 1462 Soph.
1194 1403 1225 1462 p.
1237 1383 1294 1446 531
1308 1381 1338 1446 A
1351 1382 1398 1446 12.

279 1589 395 1655 Trach.
415 1589 475 1655 674
497 1593 516 1666 ᾧ
539 1596 597 1671 γάρ
619 1595 669 1650 τὸν
691 1596 836 1672 ἐνδοτῇροι
858 1599 969 1652 πέπλον
991 1599 1097 1673 άρτέιος

499 1699 599 1778 ἔχριον
621 1701 738 1777 άρχῇτζ
759 1701 816 1764 οἰὸς
836 1701 922 1778 εὐέρῳ
945 1704 1034 1776 πόκῳ,

499 1808 579 1863 τοῦτ’
602 1803 770 1885 ἠφάνισται
792 1809 926 1886 διάβορον
949 1810 1017 1886 πρὸς
1039 1809 1154 1872 οὐδενὸς

499 1920 557 1971 τῶν
579 1913 699 1981 ἔνδον,
722 1916 792 1971 άλλ’
814 1916 932 1971 ἐδεστὸν
952 1917 988 1992 ἐξ
1005 1917 1098 1972 αὐτοῦ
1119 1909 1233 1994 Φθένει.

442 2017 508 2103 [aul
530 2021 574 2097 φῇ
594 2023 661 2078 κάτ’
684 2023 776 2100 άκροις
799 2023 952 2085 σπιλάδος·
973 2024 1012 2085 ὡς
1033 2023 1059 2078 δ’
1082 2024 1161 2098 εἰδῇς
1183 2017 1278 2103 άπάν]

438 2127 495 2185 Ἧι
516 2130 597 2185 τοῦτ’
617 2121 772 2206 ἐπράχθη,
793 2129 900 2205 μείζον’
921 2132 1028 2186 ἐκτενῶ
1049 2133 1149 2205 λόχον.

317 2231 389 2300 Nisi
421 2234 550 2316 egregie
581 2232 686 2313 fallor,
715 2255 810 2314 quem
838 2234 961 2299 uncinis
990 2235 1095 2316 saepsi
1123 2234 1322 2312 versiculum,
1343 2233 1400 2316 qui

278 2343 486 2424 pertinaciter
514 2364 623 2406 omnes
651 2341 839 2406 emendandi
866 2346 1001 2407 conatus
1022 2345 1149 2426 (parum
1171 2342 1255 2407 euim
1275 2341 1400 2425 profici·

277 2455 331 2514 tur
358 2450 547 2532 corrigendo
575 2455 619 2529 ρἐῖ
643 2472 702 2532 pro
731 2451 788 2530 dp)
816 2450 917 2514 eludit
941 2454 1053 2530 estque
1078 2450 1241 2528 hocloco,
1262 2473 1302 2515 ne
1323 2449 1401 2532 quid

178 2623 182 2629 .
279 2559 407 2642 gravius
428 2559 543 2636 dicem,
565 2579 695 2641 prorsus
716 2557 849 2632 inutilis,
870 2579 935 2620 uon
956 2555 1127 2637 Sophoclis
1149 2559 1207 2635 est,
1229 2556 1284 2620 sed
1300 2557 1400 2620 inter-

279 2665 446 2748 polatoris
468 2665 523 2745 qui
545 2686 618 2728 eum
638 2663 767 2728 finxisse
788 2663 914 2727 videtur
936 2684 998 2743 ope
1020 2684 1048 2726 v.
1070 2663 1129 2726 697

500 2774 545 2850 ρἐἴ
562 2779 620 2828 πάν
641 2773 753 2849 άδηλον
775 2775 823 2828 aul
846 2770 1091 2847 κοτέψηκτοιι
1114 2764 1217 2845 χθονὶ.

319 2878 473 2945 Similiter
493 2879 526 2942 in
548 2875 671 2959 Oedipo
693 2875 783 2957 Rege
803 2876 907 2941 locum
930 2876 988 2941 798
1010 2898 1079 2957 sqq.

249 2988 252 2990 ’
439 2989 571 3061 στείχων
593 2987 618 3042 δ’
641 2988 777 3061 Ικνοῦμοιι
799 2986 904 3042 τούσδε
926 2983 994 3049 τοὺς
1014 2987 1132 3063 χώρους
1152 2987 1182 3041 ἐν
1204 2983 1250 3048 οἶς

441 3092 478 3150 σὺ
499 3094 549 3149 τὸν
570 3094 712 3170 τύροιννον
733 3095 836 3149 τοῦτον
857 3093 1000 3149 caruccae
1022 3097 1129 3167 λέγεις.

441 3196 508 3282 [acl
529 3219 584 3268 σοι,
605 3201 703 3275 χύνιιι,
725 3192 860 3276 τάληθὲς
880 3201 976 3277 ἐξερῶ.
998 3195 1140 3281 τριπλῆς]

439 3309 482 3366 ὅτ’
505 3306 523 3384 ἦ
546 3302 690 3367 κελεύθου
712 3309 798 3383 τῆσδ’
819 3308 972 3385 ὁδοιπορῶν
994 3310 1096 3374 τέλος,

439 3407 574 3474 ἐνταῦθα
596 3417 657 3471 ιιτέ.

280 3522 470 3587 versiculum
497 3527 547 3579 acl
571 3557 610 3565 -
632 3527 766 3600 τριπλῆς,
793 3542 889 3601 quem
914 3519 1045 3601 ignorat
1070 3520 1175 3602 prima
1195 3517 1401 3582 laurentiani

279 3629 354 3695 libri
373 3651 497 3707 monus,
524 3627 770 3711 interpolarunt‚
797 3626 934 3692 fortasse
961 3625 1005 3690 ibi
1034 3630 1070 3690 ut
1095 3626 1129 3689 in
1156 3623 1401 3689 Trachiniarum

279 3737 350 3801 loco
378 3739 498 3800 temere
521 3735 690 3799 haerentes
715 3734 748 3798 iu
771 3734 937 3814 asyndeto.
959 3731 1005 3797 uf.
1028 3729 1150 3796 Nauck.
1174 3729 1297 3794 —Pro
1319 3730 1401 3788 ἔνδον

279 3848 374 3908 teneo
402 3843 488 3924 quod
516 3841 593 3906 olim
620 3840 777 3923 proposui
804 3845 928 3909 ἐκτός,
956 3841 989 3904 in
1017 3840 1120 3905 vicino
1149 3842 1258 3904 autem
1283 3862 1313 3903 v.
1342 3839 1402 3903 683

281 3957 399 4029 πιιρῆκο
420 3944 543 4027 θεσμῶν
564 3950 688 4007 οὐδέν’
706 3969 764 4031 pro
783 3950 866 4006 οὐδὲν
882 3946 1053 4029 legendum
1071 3967 1139 4010 esse
1156 3946 1275 4010 dudum
1292 3946 1401 4009 obser·

279 4057 362 4136 vavi,
384 4061 416 4121 et
437 4057 539 4120 laetus
560 4077 645 4120 nunc
667 4055 757 4119 video
780 4055 865 4119 idem
885 4053 1011 4136 placere
1032 4051 1220 4117 Schmidtio.
