3166 5002
827 591 867 656 68

485 790 655 861 σχέτλια
676 789 743 841 τιίν
764 790 912 860 χεροῖν,
932 783 988 840 ὅτ’
1010 785 1055 839 έτί
1078 786 1163 861 κρατί
1184 801 1233 859 μοι
1324 803 1326 808 ·

486 895 597 968 τότμος
617 894 816 969 δυσκόμιστος
837 892 988 967 είσήλατο.

324 993 476 1060 Misera
501 1001 596 1060 sunt
623 995 878 1078 praesentia,
908 994 1239 1076 quandoquidem
1260 996 1335 1058 cett.
1356 991 1408 1056 Ad

241 1147 247 1176 ,
284 1105 331 1161 ίτε
359 1102 485 1167 causale
512 1103 550 1167 ei.
578 1125 676 1184 supra
702 1126 730 1167 v.
754 1102 811 1166 170
833 1123 980 1184 quaeque
1000 1100 1140 1184 plurima
1161 1101 1310 1182 exempla
1329 1098 1407 1164 Din-

283 1210 403 1274 dorfius
424 1210 517 1275 affert
537 1211 570 1274 in
592 1209 707 1275 Lexioo
729 1208 911 1292 Sophocleo
934 1233 959 1274 s.
977 1233 1006 1274 v.

291 1389 293 1394 ,
324 1317 417 1384 Hane
434 1317 599 1400 plagulam
618 1318 782 1399 corrigens
802 1318 894 1383 video
912 1317 945 1381 in
963 1316 1131 1399 Antigona
1146 1338 1311 1400 superesse
1326 1337 1407 1396 quae

283 1426 349 1490 suis
370 1424 449 1489 loeis
471 1430 625 1510 annotare
645 1423 851 1506 neglexerim,

283 1639 394 1720 Antig.
415 1639 493 1703 1088
514 1637 654 1704 Tiresias
676 1662 692 1703 e
714 1639 876 1721 colloquio
897 1661 968 1704 oum
990 1637 1126 1703 Creonte
1144 1638 1306 1703 discedens
1323 1637 1386 1703 ait:

443 1748 464 1804 ὦ
488 1755 550 1815 ταί,
572 1747 608 1804 σι)
630 1749 656 1805 δ’
678 1751 758 1825 ἡμας
779 1751 879 1823 ίίταγε
900 1750 969 1827 τρὸς
989 1749 1106 1825 δόμους,
1129 1749 1176 1804 ίνα

444 1857 495 1912 τὸν
517 1848 616 1931 θυμὸν
637 1851 720 1918 οὗτος
740 1858 770 1918 ἐς
790 1859 948 1933 νεωτέρους
968 1850 1047 1933 ἀφῇ,

445 1966 507 2019 καί
524 1963 589 2056 pupi
611 1961 731 2042 τρέφειν
752 1965 808 2039 τὴν
830 1968 974 2038 γλῶσσαν
996 1965 1199 2044 ἡσυχαιτέραν

443 2072 494 2126 τὸν
516 2075 583 2128 νοῦν
605 2071 631 2126 τ’
654 2074 764 2147 αμείνω
785 2075 857 2126 τῶν
881 2066 1028 2149 φρενῶν
1051 2068 1068 2146 ἢ
1091 2074 1155 2127 νῦν
1177 2065 1294 2148 φέρει.

321 2176 393 2241 Irae
422 2176 589 2260 indulgere
619 2181 651 2240 et
681 2176 776 2240 simul
806 2177 948 2257 linguam
977 2180 1179 2257 mentemque
1207 2176 1405 2240 moderatam

282 2306 393 2367 gerere
425 2305 520 2348 nemo
549 2287 667 2363 potest,
694 2284 805 2364 itaque
835 2284 903 2348 sine
935 2282 1153 2347 controversia
1180 2282 1405 2364 corrigendum

283 2398 331 2455 est
361 2393 378 2470 ἢ
407 2390 468 2467 γνῷ
497 2389 618 2470 τρέφειν
645 2394 705 2448 κτέ.
734 2388 770 2452 ln
799 2390 946 2470 sequenti
975 2411 1068 2454 versu
1097 2393 1190 2453 teneo
1220 2388 1305 2469 quod
1327 2388 1405 2454 olim

283 2498 404 2562 conieci
432 2496 535 2577 τρέφει
564 2519 622 2578 pro
651 2495 744 2576 φέρει,
767 2497 822 2561 sed
842 2501 1009 2578 praeterea
1030 2497 1145 2561 lubens
1165 2497 1309 2577 legerim,
1339 2496 1404 2561 ool·

282 2603 350 2668 lato
372 2602 539 2685 Aristoph.
562 2601 634 2684 Lys.
656 2604 730 2668 432:

402 2714 453 2768 τὸν
474 2719 541 2768 νοῦν
562 2712 589 2766 τ’
611 2715 720 2788 αμείνιο
742 2716 810 2775 τας
831 2709 976 2790 φρένας
996 2706 1035 2772 θ’
1057 2713 1102 2770 ὧν
1122 2716 1187 2769 νῦν
1207 2709 1350 2792 τρέφει.

283 2923 394 3005 Antig.
417 2925 493 2988 1221
518 2928 574 3003 τὴν
595 2929 650 3004 μὲν
672 2929 842 3005 κρεμαστὴν
864 2928 993 3004 αὐχένος
1014 2931 1197 3005 κατείδομεν,

477 3037 579 3113 βρόχῳ
600 3037 721 3113 μιτώδει
744 3037 874 3100 σινδόνος
895 3029 1106 3113 καθημμένην,

477 3144 527 3200 τὸν
545 3144 572 3199 δ’
587 3141 692 3222 αμφὶ
714 3147 830 3220 μέσσρ
853 3149 1026 3222 τεριτετῆ
1047 3148 1322 3222 τροσκείμενον,
1341 3146 1401 3200 κτέ.

323 3245 411 3310 Haeo
441 3248 539 3311 verba
565 3249 617 3310 vix
639 3247 716 3310 satis
737 3248 888 3329 expedita
910 3231 1068 3313 ridentur.
1097 3247 1182 3312 Nam
1202 3248 1230 3312 si
1251 3246 1402 3311 intranti·

282 3351 340 3414 bus
369 3351 514 3416 Creontis
542 3353 713 3417 comitibus
741 3360 879 3433 antrum,
908 3354 1074 3436 Antigona
1102 3354 1205 3419 adhue
1231 3354 1401 3436 pendebat,

281 3479 345 3521 non
366 3459 567 3539 intellegitur
589 3481 652 3540 quo
674 3466 770 3542 pacto
791 3462 928 3525 mediam
948 3462 1115 3545 amplexus
1134 3462 1280 3528 Haemon
1296 3463 1324 3528 ei
1342 3485 1402 3545 po·

281 3565 381 3629 tuerit
399 3569 594 3645 τροσκεισίαι,
612 3589 669 3632 nec
688 3568 791 3650 magis
810 3569 981 3650 perspicua
999 3574 1075 3634 sunt
1093 3569 1188 3634 verba
1206 3569 1300 3650 (1238
1316 3569 1401 3650 sqq.)

512 3680 561 3732 καί
584 3673 702 3754 φυσιῶν
724 3679 821 3754 ὀξεῖαν
842 3680 985 3747 ἐκβάλλει
1005 3680 1074 3755 ρὀνίν
1403 3659 1407 3666 ’

512 3787 607 3859 λευκῇ
628 3793 765 3861 ταρειρῐ
786 3782 901 3863 φοινίου
923 3788 1149 3862 σταλάγματος.

513 3902 607 3948 κεῖται
629 3892 660 3948 δὲ
681 3893 780 3969 νεκρὸς
801 3895 863 3969 τερί
885 3891 984 3969 νεκρῷ,
1006 3896 1066 3949 κτὲ.

319 3994 466 4076 Apparet
494 3995 604 4074 igitur,
634 3995 833 4060 Haemonem
866 4018 1004 4076 sponsae
1038 3997 1172 4062 cadaver
1200 3997 1315 4078 laqueo
1337 3997 1400 4060 sol-

264 4100 372 4174 ¹visse,
390 4101 443 4164 sed
463 4123 499 4164 ea
517 4123 565 4166 res
584 4106 699 4182 poetae
717 4100 823 4166 fuerat
841 4103 1061 4182 significanda.
1084 4101 1176 4178 Quod
1195 4125 1259 4184 qua
1274 4103 1400 4168 ratione

279 4206 392 4290 feeerit
412 4205 549 4271 fortusse
571 4207 653 4272 alius
675 4209 821 4289 reperiet·
843 4207 928 4273 Nam
950 4211 1016 4274 sive
1037 4210 1239 4293 refingimus:
