3166 5002
735 575 774 640 35

195 787 289 830 versu
316 764 463 846 sequenti
489 763 562 828 labe
583 764 698 828 affecta
719 767 795 828 sunt
816 763 913 827 verba
933 767 963 820 έν
985 771 1087 833 σοῖσιν,
1108 785 1205 844 quem
1226 761 1316 826 facil-

195 869 271 936 lime
292 871 490 953 corrigemus
511 867 694 935 scribendo:
1279 956 1281 961 Α

657 977 730 1054 ’ἤδη
752 979 799 1035 δεῖ
815 998 853 1055 με
875 980 1024 1036 δουλεύειν
1044 982 1135 1035 πάλιν
1166 991 1172 996 ·

398 1092 477 1149 τοῖς
505 1090 734 1152 <σλεῖςον>
760 1078 949 1160 ἐχθίστοισιν
971 1077 1135 1161 ἀνθρώπων
1156 1087 1228 1160 ἐμοι,

196 1189 463 1269 quemadmodum
483 1185 658 1272 Sophocles
678 1189 805 1253 locutus
826 1194 875 1253 est
894 1188 1031 1253 Philoct.
1053 1190 1109 1254 631

264 1331 267 1336 Δ
637 1305 691 1374 τῆς
712 1304 895 1355 πλεῖστον
917 1292 1111 1375 έχθὶσσης
1132 1301 1194 1374 ἐμοὶ

396 1384 536 1481 ιέχὶδννοςΙ

196 1513 228 1575 et
255 1507 291 1574 0.
316 1508 349 1574 G.
378 1510 436 1573 743
464 1517 603 1568 πλεῖστον
624 1515 774 1579 κάκιστος,
795 1532 877 1591 quae
897 1511 1013 1574 summi
1034 1510 1100 1574 odii
1120 1511 1314 1593 significatio
1345 1512 1347 1514 ’

196 1636 291 1695 quam
313 1616 355 1679 sit
375 1614 452 1679 huic
473 1616 545 1680 loco
567 1619 645 1698 apta
664 1638 758 1681 nemo
779 1639 844 1681 non
865 1617 1042 1700 intelleget.
1063 1617 1138 1680 Alia
1155 1617 1223 1682 eius
1240 1641 1315 1682 usus

196 1723 342 1804 exempla
355 1722 445 1787 dabit
462 1722 625 1788 Porsonus
644 1725 683 1788 ad
701 1723 823 1789 Hecub.
840 1725 910 1789 631.
927 1722 1037 1802 Vides,
1054 1728 1126 1789 cum
1137 1724 1170 1788 in
1181 1729 1314 1805 antrquo

195 1830 304 1895 codice
332 1834 513 1912 superesset
533 1835 632 1890 ΤΟΙΣ
652 1832 932 1900 ΕΧΘΙΣΤΟΙΣΙΝ,
955 1835 1178 1908 correctorem,
1201 1835 1242 1919 ut¹
1257 1854 1315 1895 nu-

195 1939 290 2003 meris
313 1938 505 2018 subveniret,
526 1939 675 2021 imperite
696 1938 895 2022 supplevisse
916 1944 946 1997 έν
967 1948 1069 1997 τοισιν.

194 2259 295 2325 Elect.
317 2261 377 2326 846
397 2260 497 2342 ἐφάνη
519 2266 576 2339 γοὶρ
599 2266 731 2339 μελέτωρ
753 2258 836 2340 ἀμφὶ
857 2263 907 2317 τὸν
929 2264 959 2317 ἐν
981 2262 1122 2318 πένθει·
1143 2265 1206 2337 ἐμοὶ
1229 2261 1255 2317 δ’

401 2368 480 2432 ούσις
502 2368 544 2424 ἔτ’
567 2367 636 2424 ἔσθ’·
657 2373 725 2424 κτλ.

235 2475 271 2530 Ὁ
300 2478 330 2531 έν
358 2468 460 2534 πένθει
480 2472 562 2537 nihil
583 2471 672 2537 aliud
692 2457 874 2553 significare
895 2475 1013 2552 potest,
1035 2493 1130 2551 quam
1152 2475 1165 2529 δ
1188 2465 1315 2538 πενθῶν,

194 2582 232 2642 ut
253 2583 302 2643 est
318 2599 415 2661 supra
432 2580 492 2644 290
509 2583 602 2644 ύλλος
619 2581 644 2637 δ’
664 2579 743 2644 ούσις
759 2583 797 2636 ἐν
815 2571 948 2638 πένθει
966 2581 1095 2656 βροτούς
1112 2597 1314 2657 nequaquam

195 2707 270 2750 vero
292 2690 304 2744 ὁ
327 2681 534 2764 σενθούμενος,
556 2685 665 2766 itaque
687 2685 727 2749 ab
747 2684 810 2750 hoc
830 2685 910 2763 loco,
931 2684 988 2748 ubi
1004 2706 1070 2748 non
1087 2683 1242 2748 Alcmeon
1261 2682 1315 2745 sed

194 2796 288 2874 pater
313 2791 530 2874 Amphiardus
559 2792 663 2857 verbis
691 2797 741 2852 τὸν
768 2797 799 2851 έν
828 2787 930 2852 πένθει
955 2791 1164 2873 significatur,
1184 2810 1315 2872 prorsus

195 2899 334 2963 alienum
356 2903 413 2964 est.
434 2898 502 2963 lam
524 2899 600 2963 olim
621 2899 701 2963 mihi
721 2890 799 2964 nata
819 2904 878 2978 est,
899 2903 931 2964 et
951 2899 1088 2964 fortasse
1105 2898 1221 2963 alicubi
1239 2919 1315 2980 pro·

194 3004 271 3085 lata,
293 3005 433 3087 suspicio
456 3009 586 3087 poetam
606 3005 799 3070 alludentem
823 3005 862 3069 ad
883 3009 995 3069 notam
1014 3003 1157 3068 fabulam
1178 3004 1216 3068 de
1237 3003 1315 3067 Am·

193 3109 330 3191 phiarao
360 3109 497 3175 hisoenti
527 3114 614 3174 terra
641 3114 754 3176 vorato
783 3115 816 3176 et
842 3110 1030 3175 abscondito
1057 3110 1221 3191 scripsisse
1249 3111 1316 3174 sive

194 3210 328 3285 βένθει
353 3215 424 3281 sive
452 3219 594 3286 κεύθει,
615 3217 656 3281 ad
677 3239 772 3298 quam
794 3216 935 3281 fabulam
957 3216 1099 3298 respexit
1119 3238 1216 3297 supra
1236 3237 1315 3296 quo·

194 3341 257 3400 que
277 3343 306 3384 v.
327 3321 387 3386 838

397 3429 460 3487 οἷδοι
481 3433 538 3507 γὰρ
561 3431 667 3486 ἄνακτ’
689 3428 885 3509 Ἀμφιάρεων
905 3434 1097 3510 χρυσοδέτοις
1117 3433 1212 3509 ἕρκεσι

793 3532 1021 3618 κρυφθέντα
1043 3545 1203 3614 γυναικῶν.

234 3637 339 3714 Quare
365 3641 503 3707 fortasse
532 3642 635 3707 verius
666 3646 714 3707 est
746 3646 849 3712 κεύθει,
881 3643 967 3724 quod
1000 3642 1190 3707 vocabulum
1222 3641 1314 3706 simul

193 3746 312 3812 inferos
333 3751 366 3812 et
386 3749 566 3832 sepulcrum
587 3754 701 3814 notare
721 3753 839 3830 potest.
862 3749 908 3813 Of.
931 3749 1007 3814 Eur.
1028 3749 1108 3815 Hec.
1130 3755 1146 3814 1
1166 3753 1198 3813 et
1215 3746 1314 3830 Soph.

193 3849 270 3916 Ant.
292 3853 360 3918 818.
380 3853 559 3919 —Iniuria
581 3878 656 3925 sero
675 3854 864 3938 Blaydesius
885 3857 1058 3922 sollicitare
1080 3857 1205 3920 videtur
1225 3861 1314 3933 μελέ-

194 3978 262 4036 τωρ,
289 3979 354 4040 quo
383 3961 539 4026 vocabulo
567 3983 761 4043 quamquam
791 3962 886 4027 semel
914 3962 999 4027 lecto
1026 3961 1108 4025 nihil
1129 3964 1177 4025 ost
1197 3963 1314 4025 sanius.

193 4061 347 4129 Violenta
365 4066 503 4147 quidem,
521 4068 575 4134 sed
593 4073 680 4151 apta,
698 4068 882 4134 coniectura
897 4065 1314 4157 61ει1ἰύεοὴίιιενειὶιοοίμφι

193 4165 252 4230 τὸν
264 4177 298 4230 ἐν
317 4177 411 4232 πένθει
432 4179 536 4239 mutat
556 4176 590 4239 in
610 4173 789 4255 Ἀμφιάρεω
809 4183 892 4240 σοῖς·
913 4179 969 4233 ἐπ’.
