3166 5002
733 569 771 633 19

191 756 305 822 Trach.
329 757 407 822 1199
428 763 498 834 γόου
520 761 551 816 δὲ
574 762 667 837 μηδὲν
688 763 719 816 εί
727 764 819 816 σίπω
841 761 942 837 δάκρυ.

229 862 305 929 Non
334 866 416 930 male
445 860 641 929 Schmidtirrs
670 869 790 943 ἡκέτω
818 865 962 939 coniecit,
992 865 1047 928 sed
1073 865 1182 929 malim
1211 866 1309 929 etiem

191 976 331 1052 ἑρπέτω
352 972 393 1036 ad
414 971 595 1054 exemplum
616 972 688 1051 loci,
710 994 805 1053 quem
826 971 895 1053 ipse
917 962 1037 1052 attulit,
1057 971 1158 1036 Elect.
1183 973 1269 1036 1231.

191 1186 305 1251 Traoh.
328 1187 406 1252 1208
428 1190 459 1247 οὐ
480 1191 546 1266 δῆτ’
569 1188 670 1264 ἔγωγ’,
692 1190 763 1245 αλλ’
786 1188 825 1245 ὧν
847 1188 910 1263 ἔχω
933 1193 1069 1245 παιώνιον

431 1301 479 1353 καί
501 1291 609 1374 ’μοῦνον
631 1301 737 1374 ίαπῆρα
760 1291 836 1376 [τῶν
858 1289 953 1375 ἐμῶν]
977 1303 1077 1352 κακῶν

191 1402 257 1466 soil.
274 1407 458 1481 έκκαλοῦμαί
475 1423 508 1460 σε
525 1404 671 1479 γενέσθαι.
688 1400 841 1466 Deleatur
858 1400 1063 1465 manifestum
1081 1402 1241 1486 glossema
1252 1411 1311 1461 τῶν

192 1515 279 1588 ε’μῶν,
307 1532 366 1592 pro
394 1531 458 1592 quo
487 1508 746 1574 substituendum
774 1507 906 1590 aliquod
933 1509 1125 1574 adjectivum
1145 1510 1311 1592 pertinens

85 1629 91 1638 '
193 1617 233 1681 ad
251 1626 360 1686 aanor,
378 1618 462 1697 quod
481 1617 575 1698 quale
591 1615 688 1681 fuerit
705 1637 838 1698 prorsus
854 1616 1012 1681 incertum
1029 1622 1086 1682 est.
1104 1615 1210 1681 Multa
1227 1618 1313 1681 enim
1401 1635 1403 1641 ’

192 1723 394 1799 conveniunt,
415 1728 452 1787 ut
472 1729 652 1802 ἀμαχάνων,
673 1728 811 1792 ανιαπῶν,
833 1726 1019 1800 δυσπλιρτων,
1040 1717 1228 1801 θανασίμων,
1249 1724 1313 1788 alia

191 1829 338 1910 fortasse,
359 1852 441 1911 quae
461 1851 546 1894 nuno
565 1852 630 1893 non
651 1830 783 1894 veniunt
802 1829 883 1892 mihi
901 1829 936 1893 in
956 1834 1107 1894 mentem.

193 2043 306 2109 Tracb.
330 2045 405 2109 1211
427 2048 498 2103 αλλ’
521 2051 546 2104 εί
567 2044 661 2126 φοβεῖ
679 2049 766 2125 πρὸς
787 2052 882 2115 τοῦτο,
904 2048 1005 2105 τᾶλλα
1026 2050 1056 2123 γ’
1079 2048 1211 2126 ἔργασαι.

233 2154 349 2216 Locum
378 2154 510 2216 tuentur
538 2152 601 2216 alio
629 2152 700 2216 loco
727 2174 791 2216 non
818 2153 924 2217 minus
952 2157 1101 2234 suspecto
1129 2152 1167 2216 Ο.
1194 2151 1233 2216 R.
1253 2153 1313 2217 980

194 2260 230 2316 σὺ
255 2260 282 2316 δ’
306 2264 348 2323 είς
375 2255 475 2340 (obst)
498 2263 536 2317 τα
556 2263 667 2339 μητρὸς
686 2264 728 2338 μὴ
751 2257 851 2339 φοβοῦ
870 2258 1085 2340 νυμφεύματα.
1107 2259 1169 2325 Hic
1191 2261 1257 2325 sive
1278 2282 1313 2319 τι

193 2365 259 2430 sive
282 2386 348 2424 σου
369 2387 429 2447 pro
451 2370 519 2445 πρὸς
540 2366 724 2444 conieceris,
745 2370 821 2448 apte
843 2367 1026 2431 conieceris.
1047 2367 1098 2431 Ad
1120 2373 1148 2425 τι
1170 2366 1209 2431 cf.
1230 2367 1314 2431 Phil.

193 2471 261 2535 652.
291 2472 378 2536 1039.
407 2470 444 2536 0.
472 2470 517 2536 R:
538 2472 607 2536 644.
630 2472 717 2536 1364.
739 2470 775 2536 O.
799 2472 831 2537 0.
854 2472 941 2537 1331.
963 2473 1052 2537 Aiao.
1071 2473 1141 2537 329.
1164 2473 1251 2550 1314,
1274 2475 1313 2537 ad

194 2581 248 2637 ποὺ
266 2578 349 2643 Phil.
371 2580 420 2644 41.
441 2578 490 2642 ΕΙ.
514 2580 601 2644 1473.
622 2579 787 2644 Interdum
808 2583 944 2662 utraque
965 2580 1123 2662 particula
1139 2581 1294 2662 iungitur.

194 2792 308 2859 Trach.
331 2795 408 2859 1249
432 2800 535 2874 ποίγαρ
557 2800 668 2874 ποιήσω
690 2798 760 2854 κούκ
781 2802 948 2875 ἀπώσομαι,
969 2801 1008 2855 πὸ
1030 2802 1094 2856 σὸν

309 2959 313 2980 ,
434 2898 560 2963 θεοῖσι
583 2904 736 2968 δεικνὺς
756 2905 882 2983 ἔργον·
904 2905 936 2962 οὐ
956 2908 1013 2983 γαρ
1035 2907 1072 2962 dir
1092 2924 1161 2962 ποτε

434 3013 525 3075 κακὸς
546 3009 675 3091 φανείην
696 3016 804 3087 σοίγε
827 3013 997 3079 πιστεύσας,
1020 3016 1120 3090 ποίπερ.

234 3114 263 3179 Α
280 3117 343 3182 1οοί
361 3118 520 3182 sententia
537 3118 701 3183 aberrasse
720 3117 846 3182 videtur
864 3116 1060 3183 Schmidtius
1079 3117 1238 3182 coniciens
1254 3118 1315 3175 πόδ’

196 3223 226 3280 ὃν
257 3219 369 3284 θεοῖσιν
400 3224 431 3282 ab
463 3226 552 3301 γνοὺς
577 3231 702 3305 χαρτόν,
731 3225 781 3290 vel
809 3227 898 3302 γνοὺς
925 3230 1047 3306 αρεσπόν
1075 3227 1107 3289 et
1134 3227 1230 3282 τοῖσδε
1255 3245 1314 3304 pro

195 3337 286 3408 σοίγε.
313 3328 388 3396 Non
417 3331 502 3396 enim
529 3331 737 3414 intellegitur,
767 3355 830 3413 quo
860 3337 956 3414 paeto
983 3310 1084 3414 Hyllo
1112 3330 1218 3395 subito
1239 3334 1316 3394 nata

195 3436 238 3500 sit
262 3437 439 3520 persuasio,
465 3438 514 3503 dis
542 3443 672 3520 gratum
698 3460 767 3503 esse
795 3461 885 3522 opus,
912 3439 998 3519 quod
1018 3437 1128 3520 paullo
1150 3440 1224 3502 ante
1244 3441 1315 3496 διισ-

195 3548 282 3615 σεβὲο
308 3543 337 3608 ei
356 3544 467 3625 Jvisum
487 3545 539 3609 sit.
561 3543 607 3609 cf.
631 3545 718 3611 1245.
740 3543 869 3620 Quanto
892 3567 966 3610 vero
988 3543 1189 3625 probabilior
1210 3548 1259 3608 est
1280 3566 1317 3609 ea

195 3651 362 3728 sententia,
390 3675 485 3733 quarn
514 3653 672 3734 expressit
699 3657 790 3718 vetus
811 3651 994 3718 Scholiasta
1014 3652 1230 3733 interpretans
1251 3655 1315 3709 δια-

195 3764 418 3850 μαρτυράμενος
444 3761 512 3825 ποὺς
542 3755 631 3826 θεοὺς
660 3766 790 3839 γαμήσει
821 3763 876 3839 τὴν
906 3763 1013 3838 Ἰόλην.
1042 3757 1190 3826 Ceterum
1219 3757 1316 3822 verba

196 3869 227 3924 τὸ
248 3901 288 3910 -·
309 3867 393 3945 ἔργον
414 3867 485 3932 vitii
504 3866 659 3932 immunia
679 3889 743 3932 non
766 3867 922 3932 videntur.
944 3865 1165 3948 Expectabam
1185 3862 1268 3929 fere:

437 3977 539 4053 ποίγαρ
563 3977 673 4051 ποιήσω
695 3975 767 4032 κούκ
789 3979 944 4052 ἀπώσομαι
966 3977 998 4032 πὸ
1021 3978 1081 4041 σόν,
1103 3970 1169 4051 (σον
1190 3967 1264 4052 ὅκῖ)

436 4073 518 4140 beor
542 4083 622 4138 πόδ’
645 4083 776 4150 ίσπων,
798 4081 896 4159 ἔργον·
918 4087 984 4137 κτλ.

196 4181 243 4248 Cf.
266 4183 303 4248 0.
324 4183 357 4250 O.
378 4185 434 4248 521
459 4181 528 4252 θεὸς
549 4190 630 4257 raro,
653 4187 731 4252 Ant.
753 4186 820 4251 184.
842 4185 956 4250 Trach.
978 4185 1047 4248 399.
