3166 5002
782 578 812 670 ,4

443 767 485 843 μὴ
508 769 679 844 τροστεσών
701 785 738 842 με
759 767 836 843 λάθῃ
858 759 960 834 τοθέν,

443 878 488 938 τῖς
508 877 622 938 τάτος
643 873 660 951 ἢ
682 878 728 938 τῖς
748 875 825 952 ἕδρα,
847 875 903 930 τίν’
924 873 989 949 ἔχει
1011 876 1163 943 στῖβον,

442 981 566 1038 ἔναυλον
588 981 605 1059 ἢ
627 983 750 1060 θυραῖον.

281 1085 382 1149 Nulla
407 1087 489 1150 enim
514 1091 562 1150 est
583 1087 748 1169 opposilio
769 1086 960 1152 interram
981 1090 1012 1151 et
1035 1089 1112 1166 ἕδρα,
1130 1108 1234 1167 neque
1253 1109 1290 1150 ea
1306 1109 1363 1151 vo-

241 1192 354 1256 cabula
374 1193 452 1275 poni
474 1198 651 1276 potuerunt
670 1199 703 1252 ἐκ
725 1200 778 1253 τοῦ
798 1199 1004 1279 παραλλήλου,
1023 1198 1055 1258 et
1072 1217 1184 1276 parum
1204 1199 1280 1276 apte
1298 1195 1363 1259 dic·

241 1304 310 1364 tum
337 1305 386 1365 est
414 1302 497 1377 ἔχειν
518 1306 621 1371 στίβον
642 1302 776 1360 ἔναυλον.
800 1300 875 1366 Non
896 1301 1015 1366 sufficit
1037 1302 1122 1383 quod
1144 1301 1218 1366 olim
1242 1323 1363 1383 propo-

241 1409 290 1471 sui
319 1406 548 1490 Verslagen
577 1432 622 1474 en
651 1407 992 1490 Mededeelingen
1021 1409 1051 1473 d.
1082 1409 1122 1473 K.
1149 1408 1188 1472 A.
1218 1432 1245 1472 a.
1275 1409 1362 1474 1876.

242 1513 361 1578 Oonlra
382 1515 464 1578 nihil
486 1517 624 1598 amplius
647 1517 887 1596 desiderabitur,
909 1517 935 1581 si
956 1516 1144 1600 rescriptum
1168 1518 1244 1582 eric:

444 1628 645 1693 ricoaldus
667 1625 684 1702 l
707 1629 752 1689 τῖς
772 1627 850 1704 ἕδρα,
871 1628 927 1682 τῖν’
948 1625 1013 1700 ἔχει
1035 1630 1164 1695 τάτον,

443 1731 573 1789 ἔναυλον
588 1731 605 1808 ἢ
626 1725 758 1809 θυραῖον.

241 1837 261 1901 i.
293 1859 317 1900 e.
347 1840 417 1895 άτου
444 1838 565 1916 ἔρχεται
594 1838 705 1915 ἣάτου
733 1831 860 1916 καθῖζεν,
881 1840 950 1896 άτου
973 1838 1063 1906 ἔστιν,
1084 1837 1166 1896 ε’νδον
1188 1838 1205 1915 l
1226 1832 1363 1917 θύρασιν.

161 1955 164 1962 ’
243 1943 331 2018 Quae
350 1948 458 2008 autem
476 1945 514 2008 de
530 1944 593 2010 hoc
609 1945 681 2009 loco
699 1944 844 2026 disputat
856 1943 892 2009 G.
904 1942 945 2006 H.
957 1943 1130 2008 Muellerus
1148 1943 1305 2009 Emend.
1325 1949 1364 2008 et

241 2049 317 2114 lul.
339 2049 457 2131 Soph.
479 2052 517 2114 75
539 2073 608 2132 sqq.
629 2050 711 2115 nihil
732 2073 783 2114 me
804 2053 939 2114 movent.

282 2157 386 2222 Simili
413 2157 490 2221 olim
518 2157 771 2239 transpositione
792 2157 840 2237 (in
861 2180 957 2238 quam
978 2160 1052 2238 posi
1072 2179 1123 2222 me
1143 2157 1257 2222 incidii
1278 2179 1362 2221 sum-

241 2287 321 2340 mus,
352 2263 440 2328 cuius
471 2286 556 2328 nunc
586 2268 722 2328 mortem
753 2264 909 2345 lugemus,
940 2263 1135 2345 philologus,
1167 2261 1362 2345 Madvigius)

242 2371 394 2435 curabam
417 2370 513 2434 verba
535 2369 623 2434 eliac.
646 2370 703 2434 137

443 2482 475 2535 σὲ
497 2481 523 2536 δ’
545 2481 617 2537 ὅταν
639 2481 741 2556 mayel
765 2481 855 2543 Διὸς
876 2477 893 2555 ἢ
916 2480 1083 2556 ζαμενὴς

442 2590 531 2661 λόγος
553 2590 585 2643 ἐκ
607 2588 735 2644 Δαναῶν
756 2579 922 2664 κακόθρους
941 2589 1032 2662 ε’τιβῇ

242 2692 408 2756 scribendo
439 2696 541 2770 τλαγῆ
571 2696 739 2771 ζαμενὴς
770 2694 859 2756 Διὸς
887 2691 904 2769 ²1
933 2698 1000 2749 κτλ.
1029 2689 1134 2753 Hodie
1160 2711 1234 2754 vero
1255 2689 1362 2754 nescio

242 2823 281 2865 an
309 2800 344 2865 in
371 2801 481 2864 eadem
508 2799 619 2864 fabula
647 2823 675 2863 v.
699 2799 758 2864 685
778 2821 826 2879 sq.
847 2798 973 2878 aptiore
994 2797 1163 2861 verborum
1186 2796 1296 2860 ordine
1318 2796 1363 2861 le·
1477 2823 1478 2826 ¹

243 2909 381 2990 gendum
403 2906 462 2970 sit:

994 3014 1031 3072 σὺ
1053 3016 1084 3072 δὲ

444 3123 563 3198 εὔχου
584 3116 674 3190 θεοῖς,
696 3115 829 3182 ἐλθοῦσα
851 3124 899 3178 διά
920 3125 1046 3196 τάχους,
1067 3123 1166 3195 γύναι,

443 3229 528 3296 ἔσω,
550 3230 697 3286 τελεῖσθαι
718 3229 827 3306 τούμὸν
848 3229 887 3322 clu
908 3231 958 3306 έροῑ
979 3233 1059 3305 κέαρ.

283 3333 443 3416 Displicet
464 3333 549 3396 enim
571 3333 656 3414 quod
676 3333 829 3415 perplexe
849 3333 1005 3414 scriptum
1026 3331 1165 3396 traditur

907 3489 911 3492 .
995 3440 1031 3497 σὺ
1052 3442 1083 3496 δὲ

444 3549 513 3605 ἔσω
533 3541 614 3611 θεοῖς
634 3541 768 3607 ἐλθοῦσα
789 3549 837 3604 διά
858 3550 984 3622 τάχους,
1004 3549 1103 3623 γύναι,

443 3655 561 3731 εὔχου
582 3647 736 3714 τελεῖσθαι
757 3657 818 3711 κτέ.

235 3732 238 3743 ¹
284 3763 386 3844 Saepe
416 3762 476 3826 viri
503 3762 589 3826 docti
617 3761 651 3825 in
675 3759 836 3842 Sophocle
858 3760 1054 3824 emendando
1075 3759 1211 3824 feliciter
1231 3759 1293 3823 hoc
1313 3751 1365 3822 re?

244 3871 349 3935 medio
381 3871 430 3934 usi
462 3873 546 3950 sunt,
577 3891 670 3934 nemo
699 3868 822 3933 felicius
850 3889 945 3949 quam
975 3866 1150 3949 Burgesius
1178 3866 1212 3930 in
1239 3864 1363 3948 Oedipo

244 3978 342 4060 Rege,
365 3979 440 4042 1411
463 3999 510 4059 sq.

444 4087 521 4148 ὅπως
542 4088 678 4160 τάχιστα
701 4086 769 4162 τρὸς
788 4077 868 4143 θεῶν
890 4083 944 4160 ἔξω
965 4087 1091 4159 μέσου

444 4190 644 4263 καλύψατ’,
666 4191 683 4267 ἢ
707 4187 881 4269 φονεύσατ’,
903 4190 920 4266 ἢ
942 4182 1112 4248 θαλάσσιον
