3166 5002
806 541 845 607 56

425 734 470 786 σοὶ
491 727 587 807 φασιν
608 730 698 787 αὑτὸν
719 732 749 793 ἐς
768 732 877 804 λόγους
897 733 1022 786 αἰτεῖν
1045 736 1178 806 μολεῖν

423 833 542 902 <αύθὶς
562 840 625 903 τ’>
652 836 789 892 ἀπελθεῖν
810 833 961 913 ασφαλῶς
982 841 1036 911 τῆς
1056 837 1132 914 δεῦρ’
1154 838 1228 893 ὀδοῦ.

264 1045 340 1112 Oed.
361 1047 427 1111 Col,
450 1048 527 1111 1230
549 1052 587 1113 ὡς
597 1046 658 1105 οὔτ’
674 1049 711 1105 αν
726 1051 758 1106 τὸ
772 1054 835 1107 νέον
847 1053 925 1127 παρῇ
936 1048 1054 1128 κούφας
1065 1048 1239 1128 αφροσύνας
1259 1049 1385 1130 φέρον,

542 1159 588 1218 τις
609 1159 714 1229 πλαγαὶ
735 1149 934 1233 πολύμοχθος
954 1156 1024 1233 ἕξοις
1045 1160 1091 1220 τίς
1113 1157 1145 1214 ού
1165 1161 1308 1234 καμάτων
1327 1158 1386 1227 ἔοις

303 1256 414 1322 Malim
443 1258 576 1339 Φνρόν,
604 1258 736 1338 seran,
764 1264 801 1324 ut
822 1260 940 1340 κούφας
962 1260 1135 1342 ἀφροσύνας
1155 1261 1197 1326 sit
1218 1262 1385 1344 genetivus

262 1366 444 1448 singularia,
465 1366 521 1450 qui
541 1389 690 1431 numerus
707 1367 815 1448 aptior
836 1368 971 1433 videtur.
992 1367 1064 1432 Hoc
1085 1369 1241 1450 proposui
1257 1369 1291 1432 in
1312 1367 1386 1432 Ex·

262 1474 430 1558 cerptis‚
451 1496 526 1557 pag.
548 1474 596 1549 81,

262 1687 338 1752 Oed,
360 1687 427 1752 Col·
450 1688 528 1752 1257
550 1681 658 1764 ἐσθῆτι
679 1688 734 1746 σὺν
755 1691 864 1763 τοιᾷδε,
886 1694 940 1764 τῆς
962 1691 975 1745 ὁ
997 1684 1151 1767 δυσφιλὴς

548 1800 641 1874 γέρων
662 1801 776 1874 γέροντι
798 1799 1034 1871 συγκατῴκκκεν
1056 1799 1138 1859 πίνος

549 1907 679 1980 πλευραν
699 1906 905 1980 μαραίνων.

301 2009 473 2090 Proprium
501 2012 550 2074 est
575 2008 723 2072 sordibus
743 2011 779 2072 ut
801 2028 917 2088 corpus
937 2005 1179 2087 inquinent,
1200 2029 1265 2072 non
1286 2006 1385 2071 faci·

261 2119 326 2180 ant
348 2120 388 2180 ut
410 2119 634 2193 marcescat,
657 2114 806 2195 quocirca
823 2113 1042 2196 reponendum
1060 2115 1201 2180 arbitror
1221 2121 1384 2194 μιαίνων.

263 2323 339 2389 Oed.
362 2323 427 2388 Col.
452 2325 528 2389 1301
551 2329 630 2383 ἐπεὶ
651 2331 721 2404 γαρ
743 2321 839 2404 ἦλθον
858 2326 975 2404 ’Ἄργος
995 2331 1036 2390 εἱς
1056 2331 1088 2384 τὸ
1111 2330 1252 2406 Δωρικόν,

550 2425 654 2503 λαβὼν
674 2434 848 2512 ’Ἄδραστον
870 2428 1010 2512 πενθερὸν
1031 2436 1221 2512 ξυνωμότας

550 2541 653 2618 ἔστκσ
674 2545 793 2620 ἐμαυτῷ
815 2548 874 2618 γῆς
894 2543 1007 2619 ὅσοιπερ
1030 2541 1139 2606 Ἀπίας

498 2670 502 2676 ’
551 2657 656 2728 πρῶτοι
678 2654 851 2726 κέκληνται.

303 2753 416 2835 Inepte
444 2754 494 2818 his
521 2754 626 2819 verbis
652 2753 736 2818 ratio
764 2753 909 2817 redditur
936 2775 1047 2817 eorum
1075 2775 1156 2834 quae
1177 2754 1383 2834 praecedunt,

263 2859 319 2923 ubi
347 2857 463 2941 Oedipi
490 2860 596 2924 Furiis
624 2883 643 2924 a
663 2859 818 2942 Polynice
839 2859 1023 2924 certaminis
1044 2859 1082 2924 de
1103 2880 1203 2941 regno
1225 2883 1295 2924 curn
1317 2859 1384 2926 fra·

261 2967 311 3028 tre
339 2965 452 3046 suique
473 2965 561 3030 exilii
582 2987 679 3031 causa
698 2966 862 3030 tribuitur.
885 2964 1001 3030 Procul
1022 2965 1118 3030 dubio
1141 2966 1382 3050 corrigendum:

601 3078 682 3132 ἐπεὶ
705 3077 739 3132 δ’
761 3076 817 3152 a'p’
841 3068 937 3152 ἦλθον
959 3077 1020 3132 κτέ.

263 3286 340 3352 Oed.
363 3287 430 3353 Col.
452 3288 531 3352 1320
551 3289 636 3354 ἕκτος
654 3273 687 3346 δὲ
709 3282 932 3367 Παρθενοπαῖος
952 3288 1065 3365 Ἀρκας
1086 3291 1203 3367 ὄρνυται

549 3399 684 3460 πιστὸς
706 3397 900 3472 Ἀταλαντκς
920 3398 1014 3470 γόνος.

301 3501 419 3567 Omnes
448 3503 527 3568 socii
554 3501 717 3584 Polynicis
737 3500 820 3565 infra
841 3502 920 3566 1395
940 3501 1074 3565 audiunt
1094 3508 1191 3561 πιστοὶ
1213 3507 1383 3583 σύμμαχοι,

262 3610 317 3674 sed
337 3632 393 3674 cur
413 3633 490 3692 prae
512 3610 625 3675 ceteris
641 3613 743 3675 πιστὸς
759 3609 812 3673 hic
830 3609 955 3674 dicatur
973 3608 1245 3693 Parthenopaeus,
1262 3611 1384 3677 frustra

259 3737 388 3798 quaero.
417 3714 530 3781 Potius
555 3715 609 3780 hic
638 3719 881 3796 expectaueram
910 3737 1077 3781 commune
1099 3717 1175 3781 viris
1191 3717 1383 3800 feminisque

261 3821 462 3902 principibus
488 3822 574 3903 apud
600 3822 743 3903 tragicos
770 3821 939 3902 epitheton
968 3828 1127 3888 κλεινός.
1155 3822 1272 3889 Laetus
1298 3847 1383 3890 nunc

260 3927 353 3992 video
370 3927 510 3993 haesisse
524 3926 705 3993 Nauckiunr
723 3949 861 4009 quoqne,
878 3928 932 4009 qui
949 3929 1152 3994 scribendum
1168 3936 1261 4012 putet
1273 3936 1382 3999 κεδνὸς.

261 4138 338 4203 Οθᾶ.
362 4139 428 4203 Col.
451 4141 529 4204 1340
550 4143 590 4213 ὅν,
613 4147 637 4198 e!
657 4143 694 4200 σύ
715 4146 798 4220 τήμῇ
818 4144 1062 4222 ξυμπαραστήσει
1086 4144 1112 4225 φ
1120 4151 1198 4224 ρενὶ
1206 4193 1214 4219 ,
