<?xml version="1.0" encoding="UTF-8"?>
<!DOCTYPE html PUBLIC "-//W3C//DTD XHTML 1.0 Transitional//EN"
    "http://www.w3.org/TR/xhtml1/DTD/xhtml1-transitional.dtd">
<html xmlns="http://www.w3.org/1999/xhtml" xml:lang="en" lang="en">
 <head>
  <title>
</title>
<meta http-equiv="Content-Type" content="text/html;charset=utf-8" />
  <meta name='ocr-system' content='tesseract 3.04.00' />
  <meta name='ocr-capabilities' content='ocr_page ocr_carea ocr_par ocr_line ocrx_word'/>
</head>
<body>
  <div class='ocr_page' id='page_1' title='image "./lucubrationesso00herwgoog_0033.png"; bbox 0 0 3166 5002; ppageno 0'>
   <div class='ocr_carea' id='block_1_1' title="bbox 797 523 837 586">
    <p class='ocr_par' dir='ltr' id='par_1_1' title="bbox 797 523 837 586">
     <span class='ocr_line' id='line_1_1' title="bbox 797 523 837 586; baseline 0 0"><span class='ocrx_word' id='word_1_1' title='bbox 797 523 837 586; x_wconf 82' lang='lat'>26</span> 
     </span>
    </p>
   </div>
   <div class='ocr_carea' id='block_1_2' title="bbox 258 708 1380 897">
    <p class='ocr_par' dir='ltr' id='par_1_2' title="bbox 258 708 1380 897">
     <span class='ocr_line' id='line_1_2' title="bbox 299 708 1380 792; baseline 0 -19"><span class='ocrx_word' id='word_1_2' title='bbox 299 708 373 774; x_wconf 83' lang='lat' dir='ltr'>Sive</span> <span class='ocrx_word' id='word_1_3' title='bbox 397 708 459 774; x_wconf 89' lang='lat' dir='ltr'>hoc</span> <span class='ocrx_word' id='word_1_4' title='bbox 481 709 547 773; x_wconf 88' lang='lat' dir='ltr'>sive</span> <span class='ocrx_word' id='word_1_5' title='bbox 567 709 647 773; x_wconf 93' lang='lat' dir='ltr'>illud</span> <span class='ocrx_word' id='word_1_6' title='bbox 668 709 913 790; x_wconf 77' lang='lat' dir='ltr'>reposuerimus</span> <span class='ocrx_word' id='word_1_7' title='bbox 935 709 1118 792; x_wconf 77' lang='lat' dir='ltr'>expeditam</span> <span class='ocrx_word' id='word_1_8' title='bbox 1138 708 1328 775; x_wconf 78' lang='lat' dir='ltr'><strong>habebimus</strong></span> <span class='ocrx_word' id='word_1_9' title='bbox 1349 713 1380 774; x_wconf 89' lang='lat' dir='ltr'>et</span> 
     </span>
     <span class='ocr_line' id='line_1_3' title="bbox 258 814 780 897; baseline -0.004 -16"><span class='ocrx_word' id='word_1_10' title='bbox 258 814 419 897; x_wconf 83' lang='lat' dir='ltr'>Sophocle</span> <span class='ocrx_word' id='word_1_11' title='bbox 440 816 572 897; x_wconf 88' lang='lat' dir='ltr'>dignam</span> <span class='ocrx_word' id='word_1_12' title='bbox 593 816 780 880; x_wconf 90' lang='lat' dir='ltr'>orationem.</span> 
     </span>
    </p>
   </div>
   <div class='ocr_carea' id='block_1_3' title="bbox 257 1027 1379 1217">
    <p class='ocr_par' dir='ltr' id='par_1_3' title="bbox 257 1027 1379 1217">
     <span class='ocr_line' id='line_1_4' title="bbox 257 1027 1346 1111; baseline -0.001 -22"><span class='ocrx_word' id='word_1_13' title='bbox 257 1027 397 1094; x_wconf 90' lang='lat' dir='ltr'>Philoct.</span> <span class='ocrx_word' id='word_1_14' title='bbox 421 1029 498 1093; x_wconf 87' lang='grc'>1065</span> <span class='ocrx_word' id='word_1_15' title='bbox 519 1033 560 1108; x_wconf 64' lang='grc' dir='ltr'>μή</span> <span class='ocrx_word' id='word_1_16' title='bbox 583 1029 626 1108; x_wconf 56' lang='lat' dir='ltr'>pl</span> <span class='ocrx_word' id='word_1_17' title='bbox 645 1028 857 1111; x_wconf 77' lang='grc' dir='ltr'><em>ἀνσιΦῶνεν</em></span> <span class='ocrx_word' id='word_1_18' title='bbox 880 1032 984 1108; x_wconf 72' lang='grc' dir='ltr'><em>μηδέν,</em></span> <span class='ocrx_word' id='word_1_19' title='bbox 1007 1034 1044 1094; x_wconf 86' lang='grc' dir='ltr'>ῶς</span> <span class='ocrx_word' id='word_1_20' title='bbox 1065 1033 1278 1106; x_wconf 72' lang='grc' dir='ltr'><em>στείχοντα</em></span> <span class='ocrx_word' id='word_1_21' title='bbox 1301 1032 1346 1108; x_wconf 65' lang='grc' dir='ltr'>δή.</span> 
     </span>
     <span class='ocr_line' id='line_1_5' title="bbox 298 1133 1379 1217; baseline 0.001 -18"><span class='ocrx_word' id='word_1_22' title='bbox 298 1133 402 1200; x_wconf 87' lang='lat' dir='ltr'>Valde</span> <span class='ocrx_word' id='word_1_23' title='bbox 428 1139 612 1216; x_wconf 89' lang='lat' dir='ltr'>suspectum</span> <span class='ocrx_word' id='word_1_24' title='bbox 638 1135 742 1200; x_wconf 89' lang='lat' dir='ltr'>haheo</span> <span class='ocrx_word' id='word_1_25' title='bbox 772 1136 903 1200; x_wconf 85' lang='lat' dir='ltr'>verbum</span> <span class='ocrx_word' id='word_1_26' title='bbox 931 1134 1121 1217; x_wconf 68' lang='grc' dir='ltr'>ἀντιφωνεῖν,</span> <span class='ocrx_word' id='word_1_27' title='bbox 1152 1135 1238 1216; x_wconf 91' lang='lat' dir='ltr'>quod</span> <span class='ocrx_word' id='word_1_28' title='bbox 1265 1140 1379 1217; x_wconf 87' lang='lat' dir='ltr'>suapte</span> 
     </span>
    </p>
   </div>
   <div class='ocr_carea' id='block_1_4' title="bbox 257 1240 1380 1324">
    <p class='ocr_par' dir='ltr' id='par_1_4' title="bbox 257 1240 1380 1324">
     <span class='ocr_line' id='line_1_6' title="bbox 257 1240 1380 1324; baseline 0.001 -18"><span class='ocrx_word' id='word_1_29' title='bbox 257 1246 373 1306; x_wconf 88' lang='lat' dir='ltr'>natura</span> <span class='ocrx_word' id='word_1_30' title='bbox 399 1240 553 1305; x_wconf 85' lang='lat' dir='ltr'>Dativum</span> <span class='ocrx_word' id='word_1_31' title='bbox 574 1243 727 1324; x_wconf 86' lang='lat' dir='ltr'>postulat,</span> <span class='ocrx_word' id='word_1_32' title='bbox 749 1242 953 1307; x_wconf 87' lang='lat' dir='ltr'>coniunctum</span> <span class='ocrx_word' id='word_1_33' title='bbox 976 1264 1046 1306; x_wconf 94' lang='lat' dir='ltr'>cum</span> <span class='ocrx_word' id='word_1_34' title='bbox 1070 1264 1144 1306; x_wconf 89' lang='lat' dir='ltr'>casu</span> <span class='ocrx_word' id='word_1_35' title='bbox 1166 1247 1290 1322; x_wconf 87' lang='lat' dir='ltr'>quarto.</span> <span class='ocrx_word' id='word_1_36' title='bbox 1313 1243 1380 1307; x_wconf 87' lang='lat' dir='ltr'>Aut</span> 
     </span>
    </p>
   </div>
   <div class='ocr_carea' id='block_1_5' title="bbox 257 1348 1232 1538">
    <p class='ocr_par' dir='ltr' id='par_1_5' title="bbox 257 1348 1232 1538">
     <span class='ocr_line' id='line_1_7' title="bbox 257 1348 783 1438; baseline 0.002 -26"><span class='ocrx_word' id='word_1_37' title='bbox 257 1348 362 1428; x_wconf 84' lang='lat' dir='ltr'>fallor,</span> <span class='ocrx_word' id='word_1_38' title='bbox 384 1351 441 1412; x_wconf 89' lang='lat' dir='ltr'>aut</span> <span class='ocrx_word' id='word_1_39' title='bbox 462 1351 561 1430; x_wconf 85' lang='lat' dir='ltr'>poeta</span> <span class='ocrx_word' id='word_1_40' title='bbox 581 1348 684 1414; x_wconf 91' lang='lat' dir='ltr'>dedit:</span> <span class='ocrx_word' id='word_1_41' title='bbox 781 1435 783 1438; x_wconf 87' lang='lat'>.</span> 
     </span>
     <span class='ocr_line' id='line_1_8' title="bbox 457 1456 1232 1538; baseline 0.001 -25"><span class='ocrx_word' id='word_1_42' title='bbox 457 1459 499 1535; x_wconf 72' lang='grc' dir='ltr'>μὴ</span> <span class='ocrx_word' id='word_1_43' title='bbox 522 1456 765 1538; x_wconf 77' lang='grc' dir='ltr'><em>ριάντιφῶνει</em></span> <span class='ocrx_word' id='word_1_44' title='bbox 786 1459 879 1535; x_wconf 68' lang='grc' dir='ltr'><em>μηδὲν</em></span> <span class='ocrx_word' id='word_1_45' title='bbox 901 1461 939 1522; x_wconf 82' lang='grc' dir='ltr'>ὡς</span> <span class='ocrx_word' id='word_1_46' title='bbox 960 1461 1163 1532; x_wconf 67' lang='grc' dir='ltr'><em>στείχοντν</em></span> <span class='ocrx_word' id='word_1_47' title='bbox 1186 1459 1232 1534; x_wconf 64' lang='grc' dir='ltr'>δή.</span> 
     </span>
    </p>
   </div>
   <div class='ocr_carea' id='block_1_6' title="bbox 254 1561 1379 2718">
    <p class='ocr_par' dir='ltr' id='par_1_6' title="bbox 254 1561 1379 2718">
     <span class='ocr_line' id='line_1_9' title="bbox 298 1561 1379 1645; baseline 0.001 -19"><span class='ocrx_word' id='word_1_48' title='bbox 298 1561 403 1627; x_wconf 80' lang='lat' dir='ltr'>Orasis</span> <span class='ocrx_word' id='word_1_49' title='bbox 430 1562 617 1645; x_wconf 78' lang='grc' dir='ltr'><em>ράνσιφῶνει</em></span> <span class='ocrx_word' id='word_1_50' title='bbox 644 1563 804 1645; x_wconf 87' lang='lat' dir='ltr'>significat</span> <span class='ocrx_word' id='word_1_51' title='bbox 831 1567 873 1642; x_wconf 72' lang='grc' dir='ltr'>μὴ</span> <span class='ocrx_word' id='word_1_52' title='bbox 902 1561 1075 1644; x_wconf 78' lang='grc' dir='ltr'><em>ἀντιφῶνει,</em></span> <span class='ocrx_word' id='word_1_53' title='bbox 1103 1583 1176 1627; x_wconf 89' lang='lat' dir='ltr'>nam</span> <span class='ocrx_word' id='word_1_54' title='bbox 1206 1583 1310 1642; x_wconf 88' lang='lat' dir='ltr'>neque</span> <span class='ocrx_word' id='word_1_55' title='bbox 1330 1582 1379 1641; x_wconf 75' lang='grc' dir='ltr'>μοι</span> 
     </span>
     <span class='ocr_line' id='line_1_10' title="bbox 257 1669 1378 1753; baseline 0.003 -24"><span class='ocrx_word' id='word_1_56' title='bbox 257 1671 420 1753; x_wconf 80' lang='grc' dir='ltr'><em>ἀντιφῶνει</em></span> <span class='ocrx_word' id='word_1_57' title='bbox 447 1669 609 1750; x_wconf 74' lang='lat' dir='ltr'>coalescit,</span> <span class='ocrx_word' id='word_1_58' title='bbox 635 1693 739 1751; x_wconf 90' lang='lat' dir='ltr'>neque</span> <span class='ocrx_word' id='word_1_59' title='bbox 766 1673 881 1752; x_wconf 88' lang='lat' dir='ltr'>poetae</span> <span class='ocrx_word' id='word_1_60' title='bbox 904 1669 1013 1736; x_wconf 84' lang='lat' dir='ltr'>&#39;Attici</span> <span class='ocrx_word' id='word_1_61' title='bbox 1039 1671 1074 1734; x_wconf 91' lang='lat' dir='ltr'>iu</span> <span class='ocrx_word' id='word_1_62' title='bbox 1101 1669 1235 1735; x_wconf 89' lang='lat' dir='ltr'>senariis</span> <span class='ocrx_word' id='word_1_63' title='bbox 1264 1670 1378 1733; x_wconf 88' lang='lat' dir='ltr'>saltem</span> 
     </span>
     <span class='ocr_line' id='line_1_11' title="bbox 256 1777 1378 1859; baseline -0.001 -17"><span class='ocrx_word' id='word_1_64' title='bbox 256 1777 324 1842; x_wconf 89' lang='lat' dir='ltr'>eius</span> <span class='ocrx_word' id='word_1_65' title='bbox 350 1777 551 1859; x_wconf 81' lang='lat' dir='ltr'>pronominis</span> <span class='ocrx_word' id='word_1_66' title='bbox 577 1777 815 1859; x_wconf 77' lang='lat' dir='ltr'>diphthongum</span> <span class='ocrx_word' id='word_1_67' title='bbox 840 1777 971 1854; x_wconf 88' lang='lat' dir='ltr'>elidunt,</span> <span class='ocrx_word' id='word_1_68' title='bbox 994 1779 1080 1858; x_wconf 89' lang='lat' dir='ltr'>quod</span> <span class='ocrx_word' id='word_1_69' title='bbox 1102 1777 1201 1842; x_wconf 90' lang='lat' dir='ltr'>semel</span> <span class='ocrx_word' id='word_1_70' title='bbox 1222 1777 1284 1841; x_wconf 89' lang='lat' dir='ltr'>sibi</span> <span class='ocrx_word' id='word_1_71' title='bbox 1305 1799 1378 1858; x_wconf 92' lang='lat' dir='ltr'>per·</span> 
     </span>
     <span class='ocr_line' id='line_1_12' title="bbox 257 1882 1378 1966; baseline 0.003 -21"><span class='ocrx_word' id='word_1_72' title='bbox 257 1882 354 1961; x_wconf 72' lang='lat' dir='ltr'>misit,</span> <span class='ocrx_word' id='word_1_73' title='bbox 372 1882 399 1946; x_wconf 90' lang='lat' dir='ltr'>si</span> <span class='ocrx_word' id='word_1_74' title='bbox 413 1883 500 1948; x_wconf 88' lang='lat' dir='ltr'>locus</span> <span class='ocrx_word' id='word_1_75' title='bbox 512 1905 607 1948; x_wconf 87' lang='lat' dir='ltr'>sanus</span> <span class='ocrx_word' id='word_1_76' title='bbox 618 1888 676 1962; x_wconf 78' lang='lat' dir='ltr'>cst,</span> <span class='ocrx_word' id='word_1_77' title='bbox 688 1883 866 1966; x_wconf 83' lang='lat' dir='ltr'>Sophocles</span> <span class='ocrx_word' id='word_1_78' title='bbox 877 1885 911 1948; x_wconf 92' lang='lat' dir='ltr'>in</span> <span class='ocrx_word' id='word_1_79' title='bbox 922 1883 1055 1962; x_wconf 89' lang='lat' dir='ltr'>melicis,</span> <span class='ocrx_word' id='word_1_80' title='bbox 1068 1885 1155 1949; x_wconf 85' lang='lat' dir='ltr'>Aiac.</span> <span class='ocrx_word' id='word_1_81' title='bbox 1168 1885 1226 1948; x_wconf 84' lang='lat'>192</span> <span class='ocrx_word' id='word_1_82' title='bbox 1237 1889 1279 1964; x_wconf 70' lang='grc' dir='ltr'>μὴ</span> <span class='ocrx_word' id='word_1_83' title='bbox 1291 1889 1378 1964; x_wconf 64' lang='grc' dir='ltr'><em>μῆρ’</em></span> 
     </span>
     <span class='ocr_line' id='line_1_13' title="bbox 256 1989 1379 2072; baseline 0.004 -20"><span class='ocrx_word' id='word_1_84' title='bbox 256 1992 336 2066; x_wconf 61' lang='lat' dir='ltr'>dre}</span> <span class='ocrx_word' id='word_1_85' title='bbox 364 1994 435 2058; x_wconf 71' lang='lat' dir='ltr'>art,</span> <span class='ocrx_word' id='word_1_86' title='bbox 462 1989 518 2053; x_wconf 95' lang='lat' dir='ltr'>ubi</span> <span class='ocrx_word' id='word_1_87' title='bbox 545 1990 614 2054; x_wconf 89' lang='lat' dir='ltr'>vide</span> <span class='ocrx_word' id='word_1_88' title='bbox 642 1989 855 2055; x_wconf 89' lang='lat' dir='ltr'>Dindorfium.</span> <span class='ocrx_word' id='word_1_89' title='bbox 884 1989 959 2055; x_wconf 90' lang='lat' dir='ltr'>Non</span> <span class='ocrx_word' id='word_1_90' title='bbox 989 1991 1072 2054; x_wconf 90' lang='lat' dir='ltr'>enim</span> <span class='ocrx_word' id='word_1_91' title='bbox 1101 1990 1271 2072; x_wconf 87' lang='lat' dir='ltr'>persuadet</span> <span class='ocrx_word' id='word_1_92' title='bbox 1297 1991 1379 2059; x_wconf 88' lang='lat' dir='ltr'>mihi</span> 
     </span>
     <span class='ocr_line' id='line_1_14' title="bbox 255 2094 1379 2179; baseline 0.002 -20"><span class='ocrx_word' id='word_1_93' title='bbox 255 2094 468 2176; x_wconf 85' lang='lat' dir='ltr'>Leeuwenius,</span> <span class='ocrx_word' id='word_1_94' title='bbox 497 2097 553 2177; x_wconf 93' lang='lat' dir='ltr'>qui</span> <span class='ocrx_word' id='word_1_95' title='bbox 579 2119 681 2179; x_wconf 89' lang='lat' dir='ltr'>nuper</span> <span class='ocrx_word' id='word_1_96' title='bbox 709 2097 750 2161; x_wconf 88' lang='lat' dir='ltr'>ad</span> <span class='ocrx_word' id='word_1_97' title='bbox 776 2097 1000 2162; x_wconf 80' lang='lat' dir='ltr'>Acharnenses</span> <span class='ocrx_word' id='word_1_98' title='bbox 1027 2120 1056 2161; x_wconf 84' lang='lat' dir='ltr'>v.</span> <span class='ocrx_word' id='word_1_99' title='bbox 1085 2097 1143 2161; x_wconf 86' lang='lat'>189</span> <span class='ocrx_word' id='word_1_100' title='bbox 1171 2097 1294 2172; x_wconf 84' lang='lat' dir='ltr'>statuit,</span> <span class='ocrx_word' id='word_1_101' title='bbox 1323 2097 1379 2161; x_wconf 93' lang='lat' dir='ltr'>ubi</span> 
     </span>
     <span class='ocr_line' id='line_1_15' title="bbox 257 2203 1378 2284; baseline 0.001 -17"><span class='ocrx_word' id='word_1_102' title='bbox 257 2203 381 2267; x_wconf 87' lang='lat' dir='ltr'>dicatur</span> <span class='ocrx_word' id='word_1_103' title='bbox 408 2211 440 2284; x_wconf 85' lang='grc' dir='ltr'>ρ’</span> <span class='ocrx_word' id='word_1_104' title='bbox 462 2211 587 2284; x_wconf 83' lang='grc' dir='ltr'><em>ἀρέσκει,</em></span> <span class='ocrx_word' id='word_1_105' title='bbox 608 2211 641 2284; x_wconf 83' lang='grc' dir='ltr'>μ’</span> <span class='ocrx_word' id='word_1_106' title='bbox 663 2203 795 2269; x_wconf 90' lang='lat' dir='ltr'>elisione</span> <span class='ocrx_word' id='word_1_107' title='bbox 816 2227 855 2268; x_wconf 84' lang='lat' dir='ltr'>ex</span> <span class='ocrx_word' id='word_1_108' title='bbox 876 2225 925 2283; x_wconf 82' lang='grc' dir='ltr'>μοι</span> <span class='ocrx_word' id='word_1_109' title='bbox 948 2204 1148 2270; x_wconf 88' lang='lat' dir='ltr'>decurtatum</span> <span class='ocrx_word' id='word_1_110' title='bbox 1171 2227 1248 2269; x_wconf 87' lang='lat' dir='ltr'>esse.</span> <span class='ocrx_word' id='word_1_111' title='bbox 1270 2203 1378 2269; x_wconf 91' lang='lat' dir='ltr'>Minus</span> 
     </span>
     <span class='ocr_line' id='line_1_16' title="bbox 255 2310 1379 2394; baseline 0.004 -20"><span class='ocrx_word' id='word_1_112' title='bbox 255 2333 306 2377; x_wconf 86' lang='lat' dir='ltr'>me</span> <span class='ocrx_word' id='word_1_113' title='bbox 334 2316 442 2376; x_wconf 87' lang='lat' dir='ltr'>movet</span> <span class='ocrx_word' id='word_1_114' title='bbox 469 2310 549 2376; x_wconf 79' lang='lat' dir='ltr'>Itan.</span> <span class='ocrx_word' id='word_1_115' title='bbox 577 2313 635 2376; x_wconf 87' lang='lat'>103</span> <span class='ocrx_word' id='word_1_116' title='bbox 663 2317 696 2370; x_wconf 75' lang='grc' dir='ltr'>σὲ</span> <span class='ocrx_word' id='word_1_117' title='bbox 725 2315 755 2370; x_wconf 73' lang='grc' dir='ltr'>δὲ</span> <span class='ocrx_word' id='word_1_118' title='bbox 778 2319 863 2371; x_wconf 72' lang='grc' dir='ltr'><em>ταῦτ’</em></span> <span class='ocrx_word' id='word_1_119' title='bbox 886 2318 998 2392; x_wconf 70' lang='grc' dir='ltr'><em>ἀρέσκει</em></span> <span class='ocrx_word' id='word_1_120' title='bbox 1019 2311 1088 2394; x_wconf 84' lang='lat' dir='ltr'>(ubi</span> <span class='ocrx_word' id='word_1_121' title='bbox 1110 2318 1288 2379; x_wconf 87' lang='lat' dir='ltr'>correctum</span> <span class='ocrx_word' id='word_1_122' title='bbox 1309 2314 1379 2379; x_wconf 87' lang='lat' dir='ltr'>volt</span> 
     </span>
     <span class='ocr_line' id='line_1_17' title="bbox 257 2417 1378 2500; baseline 0.01 -25"><span class='ocrx_word' id='word_1_123' title='bbox 257 2423 301 2476; x_wconf 77' lang='lat' dir='ltr'>col</span> <span class='ocrx_word' id='word_1_124' title='bbox 333 2417 444 2499; x_wconf 78' lang='grc' dir='ltr'>ταῦτ’),</span> <span class='ocrx_word' id='word_1_125' title='bbox 476 2441 572 2500; x_wconf 90' lang='lat' dir='ltr'>quam</span> <span class='ocrx_word' id='word_1_126' title='bbox 603 2441 678 2483; x_wconf 89' lang='lat' dir='ltr'>usus</span> <span class='ocrx_word' id='word_1_127' title='bbox 710 2418 788 2483; x_wconf 88' lang='lat' dir='ltr'>satis</span> <span class='ocrx_word' id='word_1_128' title='bbox 818 2418 968 2499; x_wconf 85' lang='lat' dir='ltr'>frequens</span> <span class='ocrx_word' id='word_1_129' title='bbox 997 2423 1177 2485; x_wconf 87' lang='lat' dir='ltr'>structurae</span> <span class='ocrx_word' id='word_1_130' title='bbox 1204 2442 1277 2485; x_wconf 88' lang='lat' dir='ltr'>cum</span> <span class='ocrx_word' id='word_1_131' title='bbox 1304 2443 1378 2486; x_wconf 91' lang='lat' dir='ltr'>casu</span> 
     </span>
     <span class='ocr_line' id='line_1_18' title="bbox 256 2525 1378 2614; baseline 0.004 -27"><span class='ocrx_word' id='word_1_132' title='bbox 256 2529 373 2605; x_wconf 87' lang='lat' dir='ltr'>quarto</span> <span class='ocrx_word' id='word_1_133' title='bbox 408 2525 493 2607; x_wconf 89' lang='lat' dir='ltr'>apud</span> <span class='ocrx_word' id='word_1_134' title='bbox 523 2525 743 2608; x_wconf 84' lang='lat' dir='ltr'>Thucydidem</span> <span class='ocrx_word' id='word_1_135' title='bbox 774 2531 806 2614; x_wconf 86' lang='lat' dir='ltr'>et</span> <span class='ocrx_word' id='word_1_136' title='bbox 836 2526 1014 2606; x_wconf 82' lang='lat' dir='ltr'>Platonem,</span> <span class='ocrx_word' id='word_1_137' title='bbox 1035 2550 1127 2609; x_wconf 79' lang='lat' dir='ltr'>quae,</span> <span class='ocrx_word' id='word_1_138' title='bbox 1148 2529 1175 2592; x_wconf 92' lang='lat' dir='ltr'>si</span> <span class='ocrx_word' id='word_1_139' title='bbox 1197 2532 1378 2610; x_wconf 88' lang='lat' dir='ltr'>spectamus</span> 
     </span>
     <span class='ocr_line' id='line_1_19' title="bbox 254 2632 1377 2718; baseline 0.004 -23"><span class='ocrx_word' id='word_1_140' title='bbox 254 2632 452 2714; x_wconf 85' lang='lat' dir='ltr'>primitivam</span> <span class='ocrx_word' id='word_1_141' title='bbox 472 2633 562 2697; x_wconf 85' lang='lat' dir='ltr'>verbi</span> <span class='ocrx_word' id='word_1_142' title='bbox 579 2640 712 2713; x_wconf 81' lang='grc' dir='ltr'><em>ἀρέσκειν</em></span> <span class='ocrx_word' id='word_1_143' title='bbox 733 2633 907 2714; x_wconf 83' lang='lat' dir='ltr'>notionem,</span> <span class='ocrx_word' id='word_1_144' title='bbox 929 2635 1014 2699; x_wconf 91' lang='lat' dir='ltr'>nihil</span> <span class='ocrx_word' id='word_1_145' title='bbox 1033 2635 1131 2700; x_wconf 86' lang='lat' dir='ltr'>hahet</span> <span class='ocrx_word' id='word_1_146' title='bbox 1153 2636 1238 2717; x_wconf 91' lang='lat' dir='ltr'>quod</span> <span class='ocrx_word' id='word_1_147' title='bbox 1260 2658 1377 2718; x_wconf 88' lang='lat' dir='ltr'>magno</span> 
     </span>
    </p>
   </div>
   <div class='ocr_carea' id='block_1_7' title="bbox 256 2739 1377 2929">
    <p class='ocr_par' dir='ltr' id='par_1_7' title="bbox 256 2739 1377 2929">
     <span class='ocr_line' id='line_1_20' title="bbox 256 2739 1377 2825; baseline 0.004 -23"><span class='ocrx_word' id='word_1_148' title='bbox 256 2759 353 2821; x_wconf 89' lang='lat' dir='ltr'>opere</span> <span class='ocrx_word' id='word_1_149' title='bbox 371 2739 531 2819; x_wconf 86' lang='lat' dir='ltr'>miremur,</span> <span class='ocrx_word' id='word_1_150' title='bbox 548 2743 585 2802; x_wconf 93' lang='lat' dir='ltr'>ut</span> <span class='ocrx_word' id='word_1_151' title='bbox 602 2743 726 2804; x_wconf 86' lang='lat' dir='ltr'>taccam</span> <span class='ocrx_word' id='word_1_152' title='bbox 745 2739 869 2804; x_wconf 89' lang='lat' dir='ltr'>nullum</span> <span class='ocrx_word' id='word_1_153' title='bbox 881 2745 1002 2806; x_wconf 87' lang='lat' dir='ltr'>certum</span> <span class='ocrx_word' id='word_1_154' title='bbox 1015 2742 1212 2825; x_wconf 86' lang='lat' dir='ltr'>diphthongi</span> <span class='ocrx_word' id='word_1_155' title='bbox 1224 2741 1268 2808; x_wconf 90' lang='lat' dir='ltr'>Ol</span> <span class='ocrx_word' id='word_1_156' title='bbox 1281 2742 1377 2807; x_wconf 85' lang='lat' dir='ltr'>elisae</span> 
     </span>
     <span class='ocr_line' id='line_1_21' title="bbox 256 2845 986 2929; baseline 0.005 -21"><span class='ocrx_word' id='word_1_157' title='bbox 256 2845 342 2926; x_wconf 89' lang='lat' dir='ltr'>apud</span> <span class='ocrx_word' id='word_1_158' title='bbox 362 2847 477 2927; x_wconf 89' lang='lat' dir='ltr'>poetas</span> <span class='ocrx_word' id='word_1_159' title='bbox 496 2845 625 2910; x_wconf 87' lang='lat' dir='ltr'>Atticos</span> <span class='ocrx_word' id='word_1_160' title='bbox 648 2849 775 2911; x_wconf 85' lang='lat' dir='ltr'>exstare</span> <span class='ocrx_word' id='word_1_161' title='bbox 797 2847 986 2929; x_wconf 85' lang='lat' dir='ltr'>exemplum.</span> 
     </span>
    </p>
   </div>
   <div class='ocr_carea' id='block_1_8' title="bbox 255 3049 1404 3683">
    <p class='ocr_par' dir='ltr' id='par_1_8' title="bbox 256 3049 1404 3253">
     <span class='ocr_line' id='line_1_22' title="bbox 256 3049 1404 3146; baseline -0.005 -21"><span class='ocrx_word' id='word_1_162' title='bbox 256 3061 395 3127; x_wconf 84' lang='lat' dir='ltr'>Philoct.</span> <span class='ocrx_word' id='word_1_163' title='bbox 404 3063 482 3128; x_wconf 84' lang='lat'>1136</span> <span class='ocrx_word' id='word_1_164' title='bbox 494 3069 565 3143; x_wconf 78' lang='grc' dir='ltr'><em>ὀρῶν</em></span> <span class='ocrx_word' id='word_1_165' title='bbox 576 3068 631 3143; x_wconf 79' lang='grc' dir='ltr'>μὲν</span> <span class='ocrx_word' id='word_1_166' title='bbox 643 3069 774 3144; x_wconf 77' lang='grc' dir='ltr'><em>ἀάσχράς</em></span> <span class='ocrx_word' id='word_1_167' title='bbox 784 3069 912 3133; x_wconf 65' lang='lat' dir='ltr'>dautran,</span> <span class='ocrx_word' id='word_1_168' title='bbox 925 3067 1053 3140; x_wconf 77' lang='grc' dir='ltr'><em>στυγνὸν</em></span> <span class='ocrx_word' id='word_1_169' title='bbox 1065 3067 1095 3122; x_wconf 82' lang='grc' dir='ltr'>δὲ</span> <span class='ocrx_word' id='word_1_170' title='bbox 1108 3064 1187 3146; x_wconf 78' lang='grc' dir='ltr'><em>φῶτ’</em></span> <span class='ocrx_word' id='word_1_171' title='bbox 1199 3057 1377 3140; x_wconf 57' lang='lat' dir='ltr'>exsoleta,</span> <span class='ocrx_word' id='word_1_172' title='bbox 1402 3049 1404 3054; x_wconf 27' lang='lat'><strong>¹</strong></span> 
     </span>
     <span class='ocr_line' id='line_1_23' title="bbox 495 3166 1377 3253; baseline -0.005 -23"><span class='ocrx_word' id='word_1_173' title='bbox 495 3178 574 3252; x_wconf 71' lang='grc' dir='ltr'><em>μυρί’</em></span> <span class='ocrx_word' id='word_1_174' title='bbox 595 3178 652 3231; x_wconf 74' lang='grc' dir='ltr'><em>ἀντ’</em></span> <span class='ocrx_word' id='word_1_175' title='bbox 674 3178 840 3252; x_wconf 71' lang='grc' dir='ltr'><em>αἰσχρῶν</em></span> <span class='ocrx_word' id='word_1_176' title='bbox 862 3166 1071 3240; x_wconf 62' lang='grc' dir='ltr'><em>ἀνάνέλλονθζ</em></span> <span class='ocrx_word' id='word_1_177' title='bbox 1094 3176 1123 3237; x_wconf 78' lang='grc' dir='ltr'>ἀς</span> <span class='ocrx_word' id='word_1_178' title='bbox 1144 3171 1195 3253; x_wconf 82' lang='grc' dir='ltr'>ἐφ’</span> <span class='ocrx_word' id='word_1_179' title='bbox 1217 3175 1287 3249; x_wconf 67' lang='grc' dir='ltr'>ἡμῖν</span> <span class='ocrx_word' id='word_1_180' title='bbox 1308 3175 1377 3228; x_wconf 88' lang='grc' dir='ltr'>κάκ’</span> 
     </span>
    </p>

    <p class='ocr_par' dir='ltr' id='par_1_9' title="bbox 1054 3279 1377 3358">
     <span class='ocr_line' id='line_1_24' title="bbox 1054 3279 1377 3358; baseline -0.006 -20"><span class='ocrx_word' id='word_1_181' title='bbox 1054 3283 1181 3358; x_wconf 65' lang='grc' dir='ltr'><em>ἐμήσατ’</em></span> <span class='ocrx_word' id='word_1_182' title='bbox 1204 3279 1377 3344; x_wconf 74' lang='grc' dir='ltr'><em>Ὀδυσσεύς.</em></span> 
     </span>
    </p>

    <p class='ocr_par' dir='ltr' id='par_1_10' title="bbox 255 3384 1378 3683">
     <span class='ocr_line' id='line_1_25' title="bbox 295 3384 1377 3467; baseline 0.002 -19"><span class='ocrx_word' id='word_1_183' title='bbox 295 3384 359 3450; x_wconf 93' lang='lat' dir='ltr'>Pro</span> <span class='ocrx_word' id='word_1_184' title='bbox 389 3388 560 3455; x_wconf 76' lang='grc' dir='ltr'><em>Ὀδυσσεύς,</em></span> <span class='ocrx_word' id='word_1_185' title='bbox 589 3385 674 3466; x_wconf 91' lang='lat' dir='ltr'>quod</span> <span class='ocrx_word' id='word_1_186' title='bbox 702 3385 863 3467; x_wconf 86' lang='lat' dir='ltr'>glossator</span> <span class='ocrx_word' id='word_1_187' title='bbox 887 3385 1057 3467; x_wconf 85' lang='lat' dir='ltr'>adscripsit</span> <span class='ocrx_word' id='word_1_188' title='bbox 1079 3386 1118 3450; x_wconf 85' lang='lat' dir='ltr'>ad</span> <span class='ocrx_word' id='word_1_189' title='bbox 1139 3389 1281 3465; x_wconf 65' lang='grc' dir='ltr'><em>ἐμήσατο,</em></span> <span class='ocrx_word' id='word_1_190' title='bbox 1302 3407 1377 3466; x_wconf 91' lang='lat' dir='ltr'>pro-</span> 
     </span>
     <span class='ocr_line' id='line_1_26' title="bbox 255 3483 1377 3574; baseline 0 -18"><span class='ocrx_word' id='word_1_191' title='bbox 255 3491 394 3556; x_wconf 84' lang='lat' dir='ltr'>babilius</span> <span class='ocrx_word' id='word_1_192' title='bbox 416 3513 466 3556; x_wconf 87' lang='lat' dir='ltr'>me</span> <span class='ocrx_word' id='word_1_193' title='bbox 485 3490 589 3556; x_wconf 89' lang='lat' dir='ltr'>iudice</span> <span class='ocrx_word' id='word_1_194' title='bbox 610 3490 794 3556; x_wconf 88' lang='lat' dir='ltr'>Dindorfius</span> <span class='ocrx_word' id='word_1_195' title='bbox 816 3483 961 3574; x_wconf 84' lang='lat' dir='ltr'>reposuit</span> <span class='ocrx_word' id='word_1_196' title='bbox 980 3494 1000 3551; x_wconf 82' lang='grc' dir='ltr'><em>ὦ</em></span> <span class='ocrx_word' id='word_1_197' title='bbox 1018 3497 1084 3563; x_wconf 82' lang='grc' dir='ltr'><strong>Ζεῦ,</strong></span> <span class='ocrx_word' id='word_1_198' title='bbox 1103 3514 1199 3574; x_wconf 91' lang='lat' dir='ltr'>quam</span> <span class='ocrx_word' id='word_1_199' title='bbox 1215 3491 1377 3557; x_wconf 88' lang='lat' dir='ltr'>Meklerus</span> 
     </span>
     <span class='ocr_line' id='line_1_27' title="bbox 255 3597 1378 3683; baseline 0.004 -25"><span class='ocrx_word' id='word_1_200' title='bbox 255 3601 357 3665; x_wconf 71' lang='grc' dir='ltr'>οὐδεὶς.</span> <span class='ocrx_word' id='word_1_201' title='bbox 384 3597 421 3661; x_wconf 92' lang='lat' dir='ltr'>ln</span> <span class='ocrx_word' id='word_1_202' title='bbox 449 3598 551 3663; x_wconf 88' lang='lat' dir='ltr'>altero</span> <span class='ocrx_word' id='word_1_203' title='bbox 580 3621 671 3663; x_wconf 89' lang='lat' dir='ltr'>versu</span> <span class='ocrx_word' id='word_1_204' title='bbox 700 3605 751 3658; x_wconf 74' lang='grc' dir='ltr'>ἀπ’</span> <span class='ocrx_word' id='word_1_205' title='bbox 772 3606 906 3680; x_wconf 79' lang='grc' dir='ltr'><em>ἀισχρῶν</em></span> <span class='ocrx_word' id='word_1_206' title='bbox 927 3600 1033 3665; x_wconf 87' lang='lat' dir='ltr'>labem</span> <span class='ocrx_word' id='word_1_207' title='bbox 1054 3600 1231 3683; x_wconf 88' lang='lat' dir='ltr'>suscepisse</span> <span class='ocrx_word' id='word_1_208' title='bbox 1251 3599 1378 3664; x_wconf 84' lang='lat' dir='ltr'>videtur</span> 
     </span>
    </p>
   </div>
   <div class='ocr_carea' id='block_1_9' title="bbox 151 3704 1376 3789">
    <p class='ocr_par' dir='ltr' id='par_1_11' title="bbox 151 3704 1376 3789">
     <span class='ocr_line' id='line_1_28' title="bbox 151 3704 1376 3789; baseline 0.001 -19"><span class='ocrx_word' id='word_1_209' title='bbox 151 3717 153 3722; x_wconf 83' lang='grc'>’</span> <span class='ocrx_word' id='word_1_210' title='bbox 255 3728 272 3770; x_wconf 87' lang='lat' dir='ltr'>e</span> <span class='ocrx_word' id='word_1_211' title='bbox 290 3726 368 3769; x_wconf 87' lang='lat' dir='ltr'>voce</span> <span class='ocrx_word' id='word_1_212' title='bbox 382 3709 513 3784; x_wconf 75' lang='grc' dir='ltr'><em>νὶσχράς</em></span> <span class='ocrx_word' id='word_1_213' title='bbox 525 3704 558 3768; x_wconf 91' lang='lat' dir='ltr'>in</span> <span class='ocrx_word' id='word_1_214' title='bbox 570 3727 662 3769; x_wconf 82' lang='lat' dir='ltr'>versu</span> <span class='ocrx_word' id='word_1_215' title='bbox 674 3706 887 3788; x_wconf 87' lang='lat' dir='ltr'>praecedenti,</span> <span class='ocrx_word' id='word_1_216' title='bbox 899 3729 1002 3789; x_wconf 90' lang='lat' dir='ltr'>neque</span> <span class='ocrx_word' id='word_1_217' title='bbox 1013 3707 1084 3772; x_wconf 87' lang='lat' dir='ltr'>ideo</span> <span class='ocrx_word' id='word_1_218' title='bbox 1097 3707 1272 3788; x_wconf 85' lang='lat' dir='ltr'>corrigenti</span> <span class='ocrx_word' id='word_1_219' title='bbox 1283 3707 1376 3771; x_wconf 84' lang='lat' dir='ltr'>anxie</span> 
     </span>
    </p>
   </div>
   <div class='ocr_carea' id='block_1_10' title="bbox 254 3806 1376 4214">
    <p class='ocr_par' dir='ltr' id='par_1_12' title="bbox 255 3806 1376 4001">
     <span class='ocr_line' id='line_1_29' title="bbox 255 3806 1376 3896; baseline 0 -20"><span class='ocrx_word' id='word_1_220' title='bbox 255 3806 422 3894; x_wconf 86' lang='lat' dir='ltr'>spectandi</span> <span class='ocrx_word' id='word_1_221' title='bbox 445 3814 520 3875; x_wconf 91' lang='lat' dir='ltr'>sunt</span> <span class='ocrx_word' id='word_1_222' title='bbox 541 3812 646 3894; x_wconf 83' lang='lat' dir='ltr'>apices</span> <span class='ocrx_word' id='word_1_223' title='bbox 666 3812 857 3894; x_wconf 79' lang='lat' dir='ltr'>litterarum,</span> <span class='ocrx_word' id='word_1_224' title='bbox 879 3815 966 3896; x_wconf 91' lang='lat' dir='ltr'>quod</span> <span class='ocrx_word' id='word_1_225' title='bbox 987 3815 1064 3880; x_wconf 86' lang='lat' dir='ltr'>fecit</span> <span class='ocrx_word' id='word_1_226' title='bbox 1084 3814 1249 3880; x_wconf 88' lang='lat' dir='ltr'>Kaibelius</span> <span class='ocrx_word' id='word_1_227' title='bbox 1270 3813 1376 3877; x_wconf 89' lang='lat' dir='ltr'>minus</span> 
     </span>
     <span class='ocr_line' id='line_1_30' title="bbox 255 3915 1138 4001; baseline 0.005 -19"><span class='ocrx_word' id='word_1_228' title='bbox 255 3923 330 4001; x_wconf 85' lang='lat' dir='ltr'>apte</span> <span class='ocrx_word' id='word_1_229' title='bbox 352 3917 511 3982; x_wconf 88' lang='lat' dir='ltr'>coniciens</span> <span class='ocrx_word' id='word_1_230' title='bbox 532 3924 621 3998; x_wconf 75' lang='grc' dir='ltr'><em>ρνρὶἀ</em></span> <span class='ocrx_word' id='word_1_231' title='bbox 644 3923 669 3978; x_wconf 76' lang='grc' dir='ltr'>δ’</span> <span class='ocrx_word' id='word_1_232' title='bbox 692 3915 801 4000; x_wconf 68' lang='grc' dir='ltr'><em>ἀθρῶν.</em></span> <span class='ocrx_word' id='word_1_233' title='bbox 822 3919 942 3986; x_wconf 82' lang='lat' dir='ltr'>Suadet</span> <span class='ocrx_word' id='word_1_234' title='bbox 963 3922 1138 3986; x_wconf 85' lang='lat' dir='ltr'>sententia:</span> 
     </span>
    </p>

    <p class='ocr_par' dir='ltr' id='par_1_13' title="bbox 256 4023 1199 4106">
     <span class='ocr_line' id='line_1_31' title="bbox 256 4023 1199 4106; baseline 0.002 -23"><span class='ocrx_word' id='word_1_235' title='bbox 256 4030 327 4105; x_wconf 78' lang='grc' dir='ltr'><em>ἀρῶν</em></span> <span class='ocrx_word' id='word_1_236' title='bbox 348 4029 402 4103; x_wconf 77' lang='grc' dir='ltr'>μὲν</span> <span class='ocrx_word' id='word_1_237' title='bbox 424 4031 555 4105; x_wconf 76' lang='grc' dir='ltr'><em>ἀάσχράς</em></span> <span class='ocrx_word' id='word_1_238' title='bbox 576 4032 703 4095; x_wconf 68' lang='lat' dir='ltr'>dudeco,</span> <span class='ocrx_word' id='word_1_239' title='bbox 726 4031 855 4103; x_wconf 77' lang='grc' dir='ltr'><em>στυγνὸν</em></span> <span class='ocrx_word' id='word_1_240' title='bbox 877 4031 908 4086; x_wconf 78' lang='grc' dir='ltr'>δὲ</span> <span class='ocrx_word' id='word_1_241' title='bbox 931 4026 1015 4106; x_wconf 57' lang='grc' dir='ltr'>ᾠῶν*</span> <span class='ocrx_word' id='word_1_242' title='bbox 1032 4023 1199 4105; x_wconf 59' lang='lat' dir='ltr'>extoriora</span> 
     </span>
    </p>

    <p class='ocr_par' dir='ltr' id='par_1_14' title="bbox 254 4128 1374 4214">
     <span class='ocr_line' id='line_1_32' title="bbox 254 4128 1374 4214; baseline 0.003 -26"><span class='ocrx_word' id='word_1_243' title='bbox 254 4137 333 4210; x_wconf 65' lang='grc' dir='ltr'><em>μυρί’</em></span> <span class='ocrx_word' id='word_1_244' title='bbox 355 4136 412 4190; x_wconf 76' lang='grc' dir='ltr'>ἐπ’</span> <span class='ocrx_word' id='word_1_245' title='bbox 434 4137 570 4199; x_wconf 77' lang='grc' dir='ltr'><em>ἀλλοις</em></span> <span class='ocrx_word' id='word_1_246' title='bbox 590 4128 799 4203; x_wconf 63' lang='grc' dir='ltr'><em>ἀνάνέλλονθζ</em></span> <span class='ocrx_word' id='word_1_247' title='bbox 819 4135 862 4192; x_wconf 87' lang='lat' dir='ltr'>ol’</span> <span class='ocrx_word' id='word_1_248' title='bbox 880 4133 932 4214; x_wconf 74' lang='grc' dir='ltr'>ἐφ’</span> <span class='ocrx_word' id='word_1_249' title='bbox 951 4139 1021 4213; x_wconf 75' lang='grc' dir='ltr'><em>ἡμῖν</em></span> <span class='ocrx_word' id='word_1_250' title='bbox 1033 4141 1101 4193; x_wconf 84' lang='grc' dir='ltr'>κάκ’</span> <span class='ocrx_word' id='word_1_251' title='bbox 1113 4140 1250 4214; x_wconf 50' lang='lat' dir='ltr'>§pausat</span> <span class='ocrx_word' id='word_1_252' title='bbox 1265 4136 1374 4193; x_wconf 83' lang='grc' dir='ltr'><strong><em>ὦΖεῦ.</em></strong></span> 
     </span>
    </p>
   </div>
   <div class='ocr_carea' id='block_1_11' title="bbox 0 0 1588 5002">
    <p class='ocr_par' dir='ltr' id='par_1_15' title="bbox 0 0 1588 5002">
     <span class='ocr_line' id='line_1_33' title="bbox 0 0 1588 5002; baseline 0 1"><span class='ocrx_word' id='word_1_253' title='bbox 0 0 1588 5002; x_wconf 95' lang='lat' dir='ltr'> </span> 
     </span>
    </p>
   </div>
  </div>
 </body>
</html>
