3166 5002
720 604 759 668 65

181 815 309 874 quoque
337 795 426 873 Κρέον
454 815 522 857 esse
542 793 632 857 scioli
653 791 810 858 emblema
830 797 863 859 et
882 797 1023 877 poetam,
1044 793 1130 875 quod
1152 796 1229 860 olim
1249 794 1298 858 in·

179 901 304 966 tellexit
325 900 595 978 SchneidewinuS‚
616 901 796 982 scripsisse:

341 1013 385 1067 col
407 1011 492 1066 ταῦτ’
514 1013 639 1088 ἀρέσκει,
661 1016 718 1065 nal
734 1010 913 1076 Μενοικέως,
939 1016 1113 1077 <ποεῖν>

340 1118 391 1171 τὸν
409 1117 480 1192 τῇδε
501 1117 627 1173 δύσνουν
647 1118 696 1172 καὶ
719 1116 769 1172 τὸν
790 1116 899 1191 εὐμενῆ
921 1119 1012 1172 πόλει.

181 1241 262 1301 quae
287 1221 442 1285 correctio
467 1219 544 1284 mihi
567 1220 695 1301 quidem
715 1221 872 1305 probatur
892 1242 970 1304 prae
987 1219 1120 1301 reliquis
1142 1208 1300 1299 omnibus,

153 1352 157 1358 ·
180 1349 259 1408 quas
278 1328 463 1409 propositas
482 1349 550 1392 esse
570 1327 673 1393 video.
1147 1312 1149 1316 ¹

219 1434 364 1498 Plurima
391 1435 487 1499 huius
511 1414 606 1514 quem
627 1434 693 1498 dixi
713 1457 788 1499 usus
810 1435 956 1514 exempla
977 1433 1197 1515 suppeditabit
1218 1434 1299 1498 Din-

181 1541 273 1606 dorfii
289 1541 414 1606 lexicon
431 1540 647 1625 Sophocleum
664 1543 723 1606 sub
740 1541 873 1607 vocibus
891 1550 960 1606 ννῖς
977 1539 1021 1622 (p.
1039 1540 1131 1621 alal)
1151 1546 1182 1606 et
1197 1547 1299 1599 τέκνον

181 1647 226 1730 (p.
247 1648 335 1712 469ss
357 1648 452 1728 sq.).'

219 1755 293 1819 Alia
320 1755 404 1818 ratio
431 1758 479 1818 est
504 1777 614 1819 eorum
635 1755 779 1819 locorum
798 1755 855 1818 ubi
876 1758 1095 1835 spectatorum
1114 1755 1220 1835 gratia
1241 1777 1299 1817 no·

179 1883 250 1926 men
280 1861 422 1925 additum
446 1864 503 1938 est,
525 1861 612 1925 velut
633 1862 667 1925 in
688 1860 890 1928 Philoctetae
911 1862 1015 1934 initio,
1037 1862 1092 1925 ubi
1115 1867 1163 1926 est
1184 1864 1299 1938 Ἀχιλ-

179 1975 254 2033 λέως
281 1977 337 2028 nal
353 1969 618 2044 Νεοπτόλεμε,
641 1967 727 2047 quod
747 1989 864 2030 nomen
885 1967 917 2030 in
940 1967 1148 2048 sequentibus
1171 1990 1230 2031 uss.
1250 1968 1298 2036 50.

179 2075 247 2161 542.
277 2075 355 2140 1237
384 2075 537 2139 omissum
564 2074 695 2138 videbis.
726 2070 913 2157 Suspicione
941 2080 1055 2139 vacant
1075 2074 1139 2139 loci
1159 2075 1214 2138 ubi
1241 2097 1299 2138 no·

179 2203 252 2246 men
280 2182 457 2263 praecedit:
486 2182 574 2246 Aine.
602 2182 660 2246 331
689 2184 857 2260 Τέκμησσνι
884 2218 924 2225 -
952 2191 1008 2240 nal
1034 2184 1241 2247 Τελεύννντος
1268 2185 1325 2245 et‘
1370 2232 1371 2236 ,

179 2286 294 2352 Trach.
322 2289 391 2353 665.
421 2285 468 2351 Of.
496 2288 585 2352 Aiac.
611 2289 659 2353 91.
682 2290 797 2353 Acrius
819 2289 968 2353 instantis
989 2288 1125 2369 denique
1146 2294 1194 2352 est
1216 2287 1297 2352 Phil.

180 2394 255 2458 1261
279 2395 316 2453 σὺ
338 2397 365 2452 δ’
388 2396 409 2452 ὦ
430 2397 575 2460 Ποίαντος
598 2403 659 2463 nal,
687 2397 917 2474 Φιλοκτήτην
949 2401 1059 2470 λέγω,
1085 2396 1089 2474 Ι
1115 2395 1217 2473 ἔξελθ’.

178 2608 290 2692 Antig.
313 2608 399 2674 1165.
802 2615 857 2675 aaa
878 2615 935 2689 yap
953 2613 1059 2686 aran
1129 2584 1132 2589 ’

419 2718 491 2774 ὅταν
513 2718 700 2794 προδῷσιν
720 2718 869 2795 ἄνδρες,
890 2718 928 2775 οὐ
949 2711 1087 2794 τίθημ’
1108 2719 1167 2792 ἐγὼ

419 2825 471 2900 ζῆν
492 2828 604 2900 τοῦτον,
626 2827 696 2883 ἀλλ’
718 2822 856 2901 ἔμψυχον
878 2827 1008 2901 ἡγοῦμαι
1029 2826 1137 2902 νεκρόν.

218 2925 303 2990 Vere
329 2926 509 2992 Meinekius
536 2928 568 2986 οὕ
596 2950 624 2988 τι
652 2928 733 3010 φήμ’
762 2930 934 2995 correxisse
962 2931 1096 3002 videtur,
1123 2930 1298 2995 sedetiam

178 3031 304 3113 reliqua
331 3034 491 3116 scriptura
518 3036 633 3100 merito
655 3036 820 3119 displicuit
841 3035 1040 3117 quibusdam,
1062 3058 1135 3100 cum
1153 3058 1298 3117 praeser-

178 3138 237 3204 tim
254 3140 353 3205 codex
371 3138 603 3205 Laurentianus
621 3141 771 3206 exhibeat
789 3145 901 3221 ἀνδρός.
920 3139 1039 3206 Parum
1056 3145 1161 3206 tamen
1179 3142 1298 3206 arridet

178 3244 314 3312 Melleri
334 3247 473 3330 suspicio
495 3250 614 3327 προδῶ
635 3256 683 3306 σῶ
691 3251 729 3327 μ’
751 3251 864 3327 ἀνδρός,
884 3248 946 3311 nisi
968 3248 1054 3329 quod
1076 3252 1170 3328 orpora
1191 3248 1298 3329 requi-

178 3376 246 3418 ram
267 3363 299 3418 et
320 3375 391 3436 ego,
413 3354 534 3418 sedita
554 3354 736 3418 siscribere
757 3353 866 3418 liceat:

817 3467 873 3526 ταὶς
892 3467 949 3541 γὰρ
971 3464 1078 3538 ἡδονὰς

418 3569 489 3626 ὅταν
514 3571 649 3637 <βὶου>
676 3570 769 3646 προδῷ
791 3588 845 3636 τις,
865 3569 897 3626 oc'
918 3589 947 3625 τι
970 3566 1050 3646 Φῆμ’
1072 3572 1131 3643 ἐγὼ
1178 3638 1182 3642 ,

420 3677 472 3753 ζῆν
492 3681 605 3743 τοῦτον,
626 3677 697 3735 ἀλλ’
718 3676 857 3753 ἔμψυχον
879 3679 1008 3752 ἡγοῦμαι
1028 3679 1137 3754 νεκρόν.

177 3779 215 3844 In
235 3780 416 3847 huiusmodi
433 3783 548 3846 saltem
558 3781 702 3846 versibus
714 3780 930 3864 Sophocleum
942 3782 1134 3859 elegantiam
1147 3801 1296 3862 agnosco.

177 3994 362 4059 Ant.1178.
385 3995 479 4060 Chor.
501 3999 522 4054 ὦ
543 4001 645 4074 μάντι,
665 3995 772 4062 τοῦπος
793 4002 831 4063 ὡς
851 4000 895 4076 ap'
917 3991 1004 4074 ὀρθὸν
1026 3997 1179 4072 ἤνυσας.

217 4100 292 4166 Non
310 4101 418 4183 potuit
436 4101 506 4183 ipse
526 4102 666 4167 Tiresias
688 4125 770 4183 quae
791 4103 995 4185 praedixerat
1016 4106 1143 4170 ἀνύτειν,
1163 4102 1183 4164 i.
1203 4110 1238 4165 e.'
1251 4103 1295 4165 ad

178 4207 369 4274 effectum
390 4209 631 4291 perducere,
652 4232 727 4274 nam
747 4211 808 4275 hoo
828 4210 890 4275 dei
912 4214 970 4275 est.
991 4209 1296 4293 Expectamussen·

1013 4335 1017 4342 ·
1204 4320 1216 4358 a
