3166 5002
808 555 847 622 72

269 750 358 813 Aiao.
378 749 437 812 547
458 750 535 826 stirsp
556 750 676 810 δικαίως
697 746 777 803 ἐστ’
799 745 887 821 ἐμὸς
908 746 952 800 τό
974 736 1178 822 πατρόθεν.

310 855 455 936 Reliquis
476 852 667 918 coniecturis
689 851 819 914 accedat
839 851 915 913 haee
936 871 1021 914 mee:
1173 860 1175 862 ’

458 963 535 1038 εἴπερ
556 962 675 1023 δικαίως
695 962 776 1016 ἐστὶ
799 959 982 1036 πατρόθεν
1008 960 1190 1032 (γεγώς).

309 1065 392 1130 Nem
412 1071 481 1145 ἐμός
499 1067 660 1148 glossema
679 1063 813 1126 videtur.
832 1060 951 1145 Saltem
971 1069 1026 1125 aut
1045 1062 1105 1124 hoe
1122 1067 1178 1124 aut
1196 1066 1234 1119 rat
1248 1061 1388 1140 πατρόθεν

268 1173 420 1237 abundat.
455 1191 457 1198 ·

269 1359 357 1423 Aiac.
379 1360 439 1424 600
460 1363 518 1435 tyci)
540 1362 566 1417 δ’
589 1363 601 1416 ό
623 1362 748 1436 τλόμων
771 1361 898 1422 παλαιός
918 1356 976 1437 αφ’
998 1354 1030 1414 οὗ
1052 1360 1159 1435 χρόνος

458 1467 552 1523 Ἰδαῖα
573 1470 673 1542 μόρνω
694 1468 837 1542 λειμωνία
859 1467 926 1534 ποόρο
947 1470 1081 1541 ppusu

458 1565 621 1650 όνόριθμος
638 1575 699 1629 nrt.
1242 1642 1244 1650 Ι

310 1677 431 1741 Alienis
449 1677 596 1758 perieulis
613 1677 724 1751 (etiem
743 1675 982 1755 recentissimis)
1000 1680 1112 1740 euutus
1127 1675 1168 1738 ab
1182 1675 1324 1740 hocloco
1335 1678 1387 1746 tot

268 1783 520 1847 coniecturarum
535 1782 711 1862 nautiugiis
722 1781 845 1845 famoso
857 1803 987 1844 manum
999 1781 1177 1853 abstinebo,
1188 1779 1251 1844 hoo
1261 1785 1386 1844 tautum

269 1910 400 1953 monens
427 1911 467 1952 ne
497 1887 655 1951 Diridorfii
675 1889 810 1968 'quidem
834 1889 1048 1953 coniecturum
1073 1887 1218 1969 quumvis
1242 1887 1387 1967 plurimis

267 1998 386 2062 criticis
407 1998 577 2078 probatam
595 2004 697 2074 μηνῶν
717 2018 774 2077 pro
792 1999 897 2074 μήλων
914 2017 1021 2059 veram
1041 1996 1149 2073 videri,
1169 1995 1288 2077 quippe
1306 2018 1388 2075 quae

266 2105 366 2168 nimia
393 2103 538 2174 videatur
571 2102 748 2182 hyperbole
783 2103 822 2166 de
855 2100 885 2164 X
916 2125 1074 2166 annorum
1104 2103 1221 2184 spatio,
1253 2102 1292 2166 de
1323 2122 1387 2183 quo

266 2213 387 2275 dietum
414 2209 530 2272 ferrem
559 2213 673 2289 ἡμερῶν
701 2203 873 2288 auspitius.
905 2206 939 2276 Si
967 2208 1091 2287 reliqua
1119 2208 1181 2272 loci
1208 2209 1387 2272 emendatio

268 2316 345 2380 milri
375 2316 509 2391 eederet,
531 2311 640 2395 potius
661 2316 840 2395 suspicarer
860 2337 920 2396 pro
942 2315 1106 2372 ΜΗΛΩΝ
1128 2315 1298 2396 legendum
1319 2337 1386 2380 esse

267 2424 431 2492 ΚΗΔΩΝ,
459 2425 582 2501 rudeis
610 2417 783 2503 όνήροθρος,
811 2427 847 2487 ut
874 2425 923 2486 est
945 2421 1045 2486 Elect.
1067 2423 1124 2486 231
1148 2416 1312 2501 seeptpoe
1333 2423 1388 2480 ὦδε

265 2526 394 2611 θρήνων.

268 2718 355 2782 Aiae.
375 2719 434 2781 685
456 2739 503 2798 sq.
526 2717 608 2781 Vide
630 2717 669 2780 ad
690 2715 803 2781 Treoh.
828 2718 865 2780 18
888 2739 957 2798 sqq.

267 2905 355 2968 Aiac.
377 2905 436 2969 778
458 2907 530 2963 ἀλλ’
552 2908 629 2985 εἴπερ
651 2881 718 2963 ἔστα
735 2907 825 2984 τῇδε
846 2899 1014 2985 θήμέρᾳ,
1036 2910 1096 2963 ure.

305 3011 455 3076 Fortasse
485 3013 610 3078 litterae
638 3012 751 3076 melius
779 3012 824 3076 sic
846 3012 1045 3088 dirimentur,
1068 3016 1103 3075 ut
1123 3011 1299 3077 scribamus
1320 3015 1386 3090 τῇδ’

267 3119 305 3177 ἔθ’
327 3123 429 3197 sees

264 3303 353 3368 Aiac.
376 3304 435 3368 782
817 3310 842 3362 el
862 3306 888 3362 δ’
910 3299 1226 3383 όπεστερὴμεθα,

455 3412 506 3470 οὐκ
527 3412 608 3470 ἔστιν
630 3415 702 3492 όνὴρ
724 3419 827 3480 κεῖνος,
849 3418 874 3469 el
894 3413 1027 3488 Κόλχοις
1047 3411 1151 3492 σοφός.

306 3516 497 3599 Plerumque
518 3519 692 3600 corrigitur
714 3513 968 3599 αφοοτερούρεὸα
990 3520 1040 3584 vel
1060 3514 1312 3600 όφυστερήμεθα,
1332 3520 1386 3584 sed

263 3647 367 3707 neque
388 3625 519 3690 verbum
541 3625 678 3689 medium
698 3647 802 3706 neque
822 3628 1035 3707 compositum
1055 3627 1208 3710 exemplis
1226 3627 1337 3709 probis
1355 3632 1388 3692 et

264 3733 405 3814 antiquis
433 3733 614 3796 confirmari
636 3736 759 3813 potest3
781 3733 868 3814 quod
889 3732 974 3798 enim
994 3733 1163 3816 legebatur
1182 3733 1293 3817 Eurip.
1315 3733 1386 3817 lph.

263 3839 303 3903 A.
327 3841 404 3904 1203
427 3842 530 3906 παιδός
552 3841 748 3920 ὑστερήσομαι
771 3845 859 3904 certa
879 3842 1063 3906 coniectura
1080 3861 1098 3903 a
1115 3839 1264 3906 Nauekio
1281 3843 1386 3905 muta·

263 3950 333 4010 tum
360 3950 408 4010 est
432 3946 464 4009 in
490 3950 695 4026 ἐστερήσομαι.
716 3945 786 4021 Qua
806 3969 840 4010 re
857 3946 1021 4011 intellecta
1040 3945 1224 4012 Badhamus
1242 3948 1387 4029 reposuit

263 4052 336 4117 loco
358 4057 469 4118 nostro
491 4060 516 4112 sl
537 4057 563 4113 δ’
591 4058 611 4112 ό
618 4061 650 4134 ρ’
679 4056 870 4134 turepqoa
878 4073 962 4133 μεν,
989 4053 1107 4118 rectius
1127 4053 1264 4119 fortasse
1284 4053 1387 4119 laetu·

264 4179 327 4232 rus,
349 4159 376 4222 si
396 4181 453 4240 pro
474 4159 607 4224 Aoristo
629 4161 790 4243 posuisset
812 4159 992 4226 Perfectum
1015 4163 1291 4240 toreppuapev.
