3166 5002
806 531 846 594 38

175 797 176 802 γ
268 723 300 782 et
320 718 439 782 sororis
459 739 629 799 responso:

467 828 538 884 ὅταν
560 829 616 903 γαρ
637 823 669 882 εύ
691 823 813 905 φρονῇς,
834 826 894 882 τόθ’
915 827 1054 901 ἡγήσει
1076 822 1119 880 σύ
1140 823 1219 898 νῷν.

266 1040 367 1104 Elect.
390 1041 469 1105 1113
490 1040 674 1120 φέροντες
694 1040 787 1097 αὐτοῦ
806 1044 916 1118 σμικροὶ
937 1039 1053 1112 λείψαν’
1075 1044 1105 1097 έν
1125 1043 1240 1118 βραχεῖ

488 1151 591 1225 τεύχει
612 1142 818 1216 θανόντος,
840 1152 878 1213 ὡς
899 1152 975 1226 ύρρίς,
998 1152 1163 1227 κομίζομεν.

306 1263 395 1332 Haec
416 1266 514 1331 verba
535 1265 581 1330 sic
601 1265 731 1346 refingit
752 1265 963 1331 Schmidtius:

467 1350 689 1451 φθαρέντος
711 1372 803 1430 αὑτοῦ
823 1377 932 1450 σμικροί
954 1373 1071 1447 λείψαν’
1092 1377 1123 1431 έν
1143 1377 1257 1453 βραχεῖ

467 1481 570 1554 τεύχει
592 1476 799 1557 φανέντες,
821 1483 859 1543 ὡς
880 1483 956 1558 ὀρεῖς,
978 1483 1144 1558 κομίζομεν.

305 1583 343 1648 ln
364 1605 426 1665 qua
447 1585 632 1650 coniectura
653 1583 824 1648 admodum
844 1584 925 1648 mihi
942 1585 1090 1667 displicet
1109 1585 1253 1649 additum
1272 1584 1384 1665 φανέν-

265 1714 321 1758 τες.
354 1692 388 1756 Si
419 1695 504 1756 reete
535 1691 583 1754 vir
611 1691 724 1756 doctus
751 1691 833 1755 vidit
864 1686 1085 1770 φθαρέντος
1115 1712 1183 1754 esse
1212 1690 1385 1770 genuinam

263 1800 435 1865 lectionem
456 1821 515 1880 pro
537 1797 687 1878 φέροντες,
709 1798 879 1862 verisimile
898 1801 946 1862 est
963 1793 1108 1864 θανόντος
1124 1797 1293 1863 esseillius
1309 1820 1383 1880 par-

263 1907 366 1987 ticipii
388 1907 555 1988 glossema,
578 1927 642 1986 quo
664 1904 808 1986 expulsu,
830 1905 1058 1984 quaerentibus
1078 1904 1155 1984 quid
1175 1925 1236 1985 pro
1257 1924 1295 1968 eo
1312 1903 1384 1966 sub-

263 2012 460 2077 stituendum
477 2012 520 2076 sit
536 2012 617 2076 nihil
638 2033 719 2092 opus
740 2015 789 2075 est
811 2013 919 2076 venari
935 2012 1115 2076 litterarum
1132 2010 1383 2090 similitudinem,

263 2120 320 2186 sed
338 2123 454 2201 poetae
473 2119 508 2183 id
528 2118 723 2183 reddendum
740 2119 827 2199 quod
842 2140 920 2200 prae
938 2118 1051 2183 ceteris
1068 2117 1140 2183 loco
1161 2119 1383 2183 accommoda-

263 2229 332 2289 tum
353 2247 420 2290 esse
442 2225 596 2289 videatur.
619 2224 723 2301 Quare
745 2226 854 2306 potius
875 2226 1082 2291 coniecerim:

424 2327 645 2412 φθαρέντος
665 2335 758 2391 αὐτοῦ
779 2338 890 2412 σμικροὶ
911 2333 1029 2406 λείψαν’
1050 2337 1080 2390 έν
1101 2337 1215 2411 βραχεῖ

397 2498 400 2504 ,
423 2444 526 2518 τεύχει
553 2441 870 2519 <κεκρυμμέν’>,
890 2445 930 2505 ὡς
950 2444 1026 2520 ὁρᾷς,
1047 2445 1212 2520 κομίζομεν.

203 2525 207 2540 '
303 2545 353 2610 lta
370 2568 445 2611 mox
463 2569 491 2609 v.
511 2540 588 2610 1119
604 2549 681 2626 είτερ
700 2549 766 2605 τόδε
787 2542 974 2608 κέκευθεν
995 2532 1085 2607 αὑτὸν
1102 2554 1211 2626 τεῦχος
1224 2552 1256 2613 et
1267 2547 1381 2615 Trach,

263 2653 322 2716 556
344 2657 433 2732 δῶρον
454 2657 561 2730 λέβητι
582 2659 706 2729 χαλκέῳ
729 2660 1001 2733 κεκρυμμένον.

261 2865 363 2929 Elect.
387 2865 465 2929 1169
487 2867 553 2944 ξύν
574 2871 630 2923 σοὶ
651 2873 839 2944 μετεῖχον
861 2876 920 2925 τῶν
941 2871 1020 2926 ίσιον.

301 2971 461 3037 Usitatior
488 2974 650 3036 structura
675 2971 761 3036 foret
788 2978 831 3031 σοί
860 2982 1012 3053 μετεῖχον,
1040 2976 1096 3040 sed
1119 2999 1177 3058 per
1197 2978 1313 3041 tmesin
1336 2977 1382 3042 sic

261 3082 358 3161 poeta
377 3077 493 3142 dixisse
510 3078 635 3142 videtur
648 3101 708 3162 pro
730 3084 786 3137 σοί
809 3084 829 3158 ξ
834 3101 850 3139 υ
857 3103 880 3159 μ
887 3091 1072 3160 μετεῖχον
1094 3091 1152 3141 τῶν
1171 3087 1249 3143 ίσων.
1267 3083 1380 3166 Antig.

262 3185 329 3249 536.
362 3180 510 3264 ὁμορροθῶ
542 3191 590 3243 καί
622 3190 878 3265 ξυμμετίσχω
906 3194 955 3246 καὶ
983 3189 1065 3268 φέρω
1092 3198 1147 3268 τῆς
1174 3197 1279 3256 αίτίιις.
1308 3189 1381 3256 Nisi

260 3292 344 3358 forte
365 3297 461 3374 putas
483 3297 527 3350 σοί
550 3296 754 3372 ξυμμετείχον
775 3316 843 3359 esse
864 3297 1037 3377 genuinam
1057 3289 1174 3379 poeitae
1194 3321 1333 3363 manum.

260 3502 361 3566 Elect.
385 3504 471 3569 1190.
494 3504 542 3570 El.
564 3500 697 3566 ὁθούνεκ’
718 3512 777 3585 είμί
799 3515 859 3573 τοῖς
880 3506 1004 3588 φονεῦσι
1025 3510 1200 3592 σύντροφος.

284 3615 286 3620 ’
489 3609 542 3675 Or.
560 3620 621 3678 τοῖς
641 3620 706 3684 τοῡ;
729 3617 839 3673 τίθεν
859 3618 938 3674 τοῦτ’
961 3620 1146 3696 ἐξεσήμηνας
1166 3625 1272 3692 κακίν;

490 3719 541 3782 El.
564 3728 624 3787 τοίς
645 3726 762 3800 τατρός.
783 3723 846 3780 εἶτα
868 3726 965 3782 τοῖσδε
987 3727 1117 3783 δουλεύω
1137 3729 1199 3798 βία.

299 3823 407 3888 Wexii
430 3826 647 3892 coniecturam
665 3835 717 3886 τοῦ
737 3830 814 3898 τούς
835 3832 865 3886 ἓν
883 3827 1080 3896 Schmidtius
1098 3833 1166 3897 sine
1183 3838 1379 3899 commenta·

257 3932 306 3995 rio
326 3932 472 4015 intellegi
493 3956 587 4016 posse
607 3935 676 3999 iure
696 3937 804 4016 negat,
825 3935 880 3999 'sed
899 3937 1012 4002 vellem
1027 3937 1097 4019 ipse
1114 3943 1379 4007 commentarium

259 4040 433 4106 addidisset
456 4042 529 4107 huic
550 4065 640 4107 suae:

379 4156 439 4214 τοῖς
460 4155 512 4207 τοῦ
533 4145 634 4219 τοθ’;
656 4150 732 4207 οίον
753 4151 833 4209 τοῦτ’
855 4151 1049 4230 έσύμνρνας
1070 4157 1178 4221 κακόν;
