3166 5002
741 550 780 617 53

441 741 679 815 όλγκδόνας,
701 737 759 803 αῖς
779 739 932 814 ξυνόντας.

199 843 315 910 Lenius
336 843 464 925 quidam
486 867 544 928 pro
566 845 674 924 όιιόμον
695 843 792 910 soribi
813 847 924 926 posset
947 842 1005 925 αφ’
1025 846 1102 914 ότου,
1123 845 1186 909 nisi
1203 867 1240 909 ea
1257 844 1324 909 for-

200 951 286 1015 mula
306 951 345 1017 de
365 954 512 1033 tempore
532 955 659 1016 tantum
681 951 827 1016 adhiberi
853 950 1023 1036 videretur.

200 1163 278 1231 Oed.
299 1164 367 1229 Col.
387 1165 447 1229 588
467 1172 555 1224 κεῖνοι
577 1187 616 1224 κο
623 1168 750 1245 μόζειν
771 1167 845 1223 κεῖτ’
867 1167 1069 1244 όναγκόζοιισό
1090 1187 1137 1245 με.

239 1269 406 1336 Nauokius
435 1276 519 1336 recte
545 1271 616 1336 vitii
640 1273 747 1337 sedem
769 1271 964 1352 quaesivisse
984 1271 1112 1337 videtur
1130 1273 1164 1337 in
1186 1277 1323 1354 κομιζειν,

199 1398 259 1459 pro
287 1399 350 1458 quo
377 1381 490 1459 aptum
517 1377 602 1444 foret
630 1379 716 1459 quod
744 1378 881 1443 coniecit
910 1381 1073 1438 κατελθεῖν.
1095 1377 1158 1442 Sed
1178 1378 1323 1446 sufficere

200 1484 325 1549 ridetur
345 1484 447 1549 lenior
466 1485 624 1550 eorrectio
646 1488 830 1563 βαδίζειν.
853 1483 1025 1550 Praeterea
1042 1508 1115 1550 eum
1137 1486 1209 1550 aliis
1230 1508 1323 1568 prae·

199 1591 327 1657 tulerim
347 1594 561 1678 όναγκόΣουσό
582 1613 629 1671 με.

200 1803 276 1870 Oed.
298 1804 365 1871 Col.
386 1806 446 1870 636
467 1810 532 1882 όγὼ
554 1809 699 1875 σεβισθεὶς
720 1808 818 1865 οὔποτ’
839 1811 960 1877 ἐκβαλῶ
981 1812 1073 1887 χάριν

466 1916 521 1990 τὴν
543 1916 638 1982 τοῦδε,
658 1920 743 1993 χώρα
767 1915 794 1972 δ’
815 1915 986 1992 ἔμπαλιν
1008 1922 1156 1973 κατοικιῶ.

239 2017 346 2101 Volgo
376 2022 505 2102 recepta
531 2023 580 2085 est
600 2019 680 2084 lenis
702 2020 879 2104 Musgravii
902 2022 1058 2086 eorrectio
1081 2023 1215 2100 όμτολιν,
1237 2022 1324 2103 quod

199 2127 307 2189 tamen
338 2128 370 2189 et
399 2147 514 2207 parum
546 2125 711 2207 eleganter
743 2126 863 2191 dicium
895 2132 943 2193 est
975 2131 1007 2193 et
1038 2127 1135 2193 dubio
1167 2150 1322 2206 sermone,

200 2232 353 2312 quoniam
374 2231 468 2297 unioo
490 2232 560 2297 loeo
582 2233 638 2296 ubi
659 2254 696 2297 ea
717 2254 784 2310 rou¹
801 2234 924 2298 occurit
944 2233 980 2298 Ο.
1003 2232 1036 2296 C.
1059 2234 1136 2298 1156

401 2338 498 2420 φατόν
518 2340 573 2398 τιν’
596 2344 667 2417 ἡμῖν
688 2342 790 2419 dulps,
812 2345 857 2398 σοι
877 2344 933 2418 μὲν
954 2340 1117 2417 ἕμιιολιν

399 2448 451 2505 οὐκ
472 2448 553 2514 όντα,
575 2453 710 2522 συγγενῆ
731 2448 772 2522 δέ,
794 2449 855 2504 nrt.

200 2555 375 2636 depravata
392 2557 441 2618 est
458 2557 491 2618 et
511 2557 567 2618 aut
587 2553 622 2618 in
642 2557 809 2631 σόμκιλιν
831 2553 993 2630 mutanda,
1012 2557 1068 2617 aut
1086 2575 1158 2618 oum
1175 2553 1323 2622 Nauckio

199 2661 235 2725 in
253 2667 411 2740 όμόττολιν
431 2662 490 2741 (τοι
507 2663 538 2738 γ’
557 2661 741 2742 ὁμόπολιν).
762 2659 929 2741 Hodieque
947 2660 1039 2725 unice
1050 2664 1159 2744 aptum
1173 2662 1322 2728 existimo

202 2767 288 2846 quod
309 2767 387 2833 olim
407 2767 578 2850 proposui:

662 2879 748 2955 χώρα
770 2876 796 2933 δ’
818 2876 983 2954 ἔμπεδον
1005 2884 1153 2934 κατοικιῶ.
1274 2881 1275 2885 ’

199 2983 220 3046 i.
242 3004 268 3048 e.
289 2986 426 3053 βεβαόαν.

201 3196 277 3263 Oed.
300 3195 365 3262 (lul.
387 3197 447 3261 729
468 3200 522 3275 upa
543 3198 598 3252 τιν’
621 3196 700 3272 ὑμοός
722 3197 903 3274 όμμότοιν
924 3193 1074 3275 εἰληφότα

469 3302 566 3383 φόβον
587 3306 677 3381 νεώρη
699 3309 754 3380 τῆς
773 3305 847 3380 ἐμῇς
867 3304 1027 3378 ἐπεισόδου,

239 3411 341 3477 Miror
364 3432 432 3476 esse
454 3409 570 3491 quibus
591 3409 717 3486 placeat
738 3407 910 3474 Tournieri
927 3409 1143 3473 coniecturam
1163 3412 1196 3469 οὐ
1212 3416 1324 3490 ματνν,

200 3541 273 3584 nam
296 3519 399 3583 omnis
421 3517 545 3599 reliqua
565 3515 712 3580 Creontis
733 3517 838 3581 oratio
861 3538 898 3581 eo
919 3516 1024 3580 tendit
1040 3520 1077 3580 ut
1095 3523 1223 3595 μόταιον
1241 3519 1325 3584 eius·

200 3625 288 3690 modi
312 3624 460 3690 timorem
483 3645 551 3688 esse
572 3623 730 3688 ostendat.
752 3621 903 3687 Nondum
927 3623 1102 3705 quidquam
1123 3615 1325 3706 probabilius

201 3732 380 3797 coniectum
401 3731 494 3796 video
518 3753 614 3812 quam
635 3729 833 3811 ἐμφανῶς,
855 3730 942 3811 quod
962 3731 1135 3796 suadebam
1167 3731 1325 3797 Versla-

201 3861 276 3921 gen
303 3860 377 3921 pag.
406 3839 456 3916 21,
483 3837 539 3902 ubi
565 3837 676 3902 monui
703 3837 953 3920 superscriptum
987 3839 1147 3919 glossema
1179 3843 1234 3897 ότό
1266 3847 1325 3898 τόν

200 3949 343 4024 όμμότων
370 3944 533 4027 pertinens
560 3944 601 4008 ad
629 3949 682 4023 όμό
711 3945 861 4024 volgatae
885 3943 1016 4009 lectioni
1037 3967 1147 4009 ansam
1169 3944 1244 4009 dare
1264 3967 1325 4028 po-

200 4051 310 4130 tuisse,
337 4049 413 4115 lieet
439 4072 504 4115 non
530 4054 623 4115 tanta
651 4049 693 4115 sit
721 4050 869 4130 mutatio,
890 4054 1011 4115 utnon
1033 4050 1171 4132 simplici
1192 4072 1325 4133 corrup-

199 4157 283 4222 telae
303 4157 403 4222 tribui
426 4161 532 4238 queat.
