3166 5002
733 571 770 636 11

192 756 384 836 quibusdam
415 760 490 834 ἡνίκ’
520 761 550 821 ἐς
580 760 669 835 δόμον
695 757 902 822 scribendum
932 759 1097 841 proposui,
1130 759 1313 841 nuperrime

192 860 388 927 Schmidtius
410 863 639 928 violentissime
661 861 847 944 temptavit:

316 1011 318 1018 ‹
412 974 443 1035 ὃς
464 975 550 1048 κάμέ,
572 977 630 1028 τῶν
652 967 759 1050 πατρός
781 973 845 1028 ποτ’
868 973 943 1048 ἡνίκ’
964 975 997 1028 ἐκ
1018 966 1134 1048 στεγῶν

412 1077 465 1154 ξὺν
487 1080 634 1156 Ἡρακλεῖ
651 1081 720 1156 πρὸς
740 1079 817 1136 οἶκον
838 1075 916 1142 ebuso
935 1082 1077 1156 ἑσπόμην.

231 1183 298 1246 Aut
318 1182 421 1246 lenior
442 1183 550 1264 aliqua
570 1184 728 1247 medicina
750 1185 962 1265 edcogitanda
984 1189 1032 1248 est
1050 1189 1107 1249 aut
1124 1185 1312 1250 abstinenda

191 1309 320 1365 manus;
339 1312 414 1353 nam
431 1290 459 1353 si
476 1289 509 1354 in
521 1311 584 1354 uno
597 1289 668 1354 loco
681 1292 788 1354 omnia
799 1289 896 1354 verba
906 1295 1031 1355 mutare
1043 1292 1126 1370 licet,
1144 1282 1312 1356 actum'est

188 1396 230 1459 de
248 1417 282 1459 re
300 1396 419 1460 critica.
439 1395 577 1461 Omnino
597 1401 705 1462 autem
723 1397 929 1477 Schmidtius,
941 1398 989 1461 vir
1000 1420 1099 1480 sagax
1112 1402 1144 1463 et
1155 1400 1308 1478 eruditus,

190 1502 285 1566 nimis
313 1502 458 1582 indulget
482 1503 705 1568 audacioribus
725 1505 907 1568 istiusmodi
927 1505 1171 1584 mutationibus,
1187 1507 1210 1586 ¹)
1232 1529 1311 1588 qna-

190 1606 274 1672 libus
302 1609 329 1673 si
356 1609 405 1672 uti
430 1609 513 1689 licet,
535 1632 599 1675 non
621 1615 670 1674 ost
690 1633 765 1675 sane
785 1607 973 1692 perdifficile
995 1611 1115 1677 Graece
1136 1613 1311 1678 scientibus

191 1717 278 1780 locos
304 1717 476 1799 impeditos
502 1717 535 1780 in
557 1717 701 1781 ordinem
723 1714 959 1799 redigeresed
980 1721 1065 1784 enim
1079 1713 1167 1786 ¹scire
1189 1721 1310 1787 deside-

190 1844 297 1886 ramus
325 1823 401 1904 quid
429 1823 498 1906 ipse
524 1824 689 1905 scripserit
717 1821 903 1906 Sophocles,
928 1819 992 1891 non
1014 1827 1092 1908 quid
1113 1826 1311 1893 Schmidtius

191 1929 311 1994 aliusve
332 1931 380 1994 vir
402 1931 520 1996 Graece
541 1932 653 1997 doctus
675 1937 707 1997 et
724 1933 912 2018 ingeniosus
935 1957 1043 1999 versus
1069 1934 1207 2001 Graecos
1230 1960 1309 2019 pan·

190 2059 269 2118 gens
290 2037 466 2119 scripturus
488 2031 610 2104 fuisset.
633 2039 748 2105 Procul
769 2045 878 2106 tamen
898 2042 989 2106 abest
1010 2046 1046 2106 ut
1068 2043 1147 2108 haec
1168 2044 1310 2110 scribens

190 2145 381 2209 contendam
399 2149 539 2210 veterem
556 2169 661 2212 meam
679 2149 897 2214 coniecturam
908 2149 1063 2226 sufficere,
1075 2150 1130 2216 sed
1142 2149 1313 2218 Schmidtii

189 2254 422 2318 mutationibus
449 2253 547 2339 longe
575 2256 775 2334 probabilior
798 2257 879 2324 mihi
898 2258 1023 2322 videtur
1040 2256 1221 2323 Weckleini
1239 2282 1311 2324 sen-

188 2361 291 2424 tentia
312 2365 386 2445 post
407 2383 533 2426 versum
553 2363 612 2426 562
633 2365 805 2428 statuentis
825 2365 980 2429 lacunam.

189 2572 304 2640 Trach.
325 2577 381 2640 621
406 2577 437 2634 ot
460 2596 504 2635 rot
524 2581 566 2656 μὴ
590 2577 703 2659 σφαλῶ
724 2582 753 2655 γ’
775 2583 811 2637 ἐν
833 2585 891 2638 cot
914 2600 992 2649 nore,

397 2687 441 2742 ’τὸ
462 2687 503 2761 μὴ
527 2686 559 2742 οὐ
580 2688 641 2743 τόδ’
663 2687 758 2762 αγγος
779 2690 817 2751 ὡς
838 2687 903 2763 ἔχει
925 2690 1017 2765 δεῖξαι
1039 2686 1147 2768 φέρων,

408 2796 506 2867 λόγων
527 2813 559 2850 τε
580 2798 679 2850 πίστιν
700 2795 739 2851 ὧν
761 2794 869 2870 ἔχεις
888 2785 1073 2874 ἐφαρμόσαι.Ι

228 2897 292 2962 Pro
319 2903 350 2956 ἐν
378 2905 422 2957 eol
445 2899 561 2964 lubens
578 2922 651 2964 cum
672 2900 849 2965 Schmidtio
872 2901 1004 2981 legerim
1031 2907 1138 2971 ἑκών,
1167 2903 1310 2968 sednon

189 3006 297 3070 sanius
319 3010 368 3070 est
385 3008 476 3083 ἔχεις,
494 3028 553 3087 pro
572 3028 635 3086 quo
655 3005 903 3071 Wakefieldium
921 3011 1023 3077 θέλεις,
1041 3007 1194 3073 Oltonem
1211 3008 1309 3090 ἐφετσ’

189 3110 320 3192 (eutem)
341 3113 514 3177 coniecisse
536 3113 636 3177 video,
660 3111 806 3194 Utroque
825 3113 932 3194 aptius
949 3114 1030 3178 mihi
1048 3116 1189 3180 videtur:

409 3212 509 3296 λόγὼα
529 3241 561 3278 τε
582 3225 681 3278 πίστιν
702 3221 741 3278 ὧν
764 3225 860 3300 ἐρεῖς
881 3219 1062 3301 ἐφαρμόσαι.

227 3323 371 3391 Verbum
391 3327 504 3391 leviter
525 3327 736 3409 depravatum
753 3331 952 3410 est'propter
974 3329 1038 3405 ἔχει
1055 3328 1088 3392 in
1107 3350 1200 3393 versu
1217 3350 1310 3410 prae-

189 3453 309 3515 gresso.

188 3646 303 3712 Trach.
325 3650 393 3714 625.
415 3649 530 3714 De'ian.
553 3653 622 3708 aar
647 3651 728 3709 οἶσθα
750 3655 805 3729 μὲν
827 3654 862 3729 δὴ
885 3656 934 3709 καὶ
956 3656 994 3710 τα
1017 3658 1071 3730 τῆς
1093 3656 1179 3731 ξένης
1201 3657 1281 3732 ὁρῶν.

407 3755 494 3821 Lich.
547 3760 635 3815 ὥστ’
657 3761 846 3835 ἐκπλαγῆναι
867 3760 975 3836 τούμὸν
998 3762 1089 3837 ἡδονῇ
1109 3765 1187 3839 κέαρ.

227 4009 243 4074 ¹)
262 4014 415 4063 Lectoribus
435 4016 489 4062 suis
508 4029 559 4076 quo
578 4016 734 4076 persuadeat
753 4015 860 4073 scilieet,
880 4029 1067 4076 saepenumero
1083 4017 1201 4077 appingit
1209 4017 1309 4065 littera-

186 4112 243 4146 rum
261 4100 400 4148 uncialinm
419 4101 513 4148 ductus
533 4102 568 4148 ita
588 4101 713 4156 diversos,
732 4103 762 4148 nt
780 4113 812 4148 ne
831 4115 907 4148 caeco
927 4103 1032 4161 quidem
1051 4102 1156 4150 librario
1174 4103 1307 4164 imponere

185 4185 328 4244 potuerint.
