3166 5002
825 515 999 630 50Ι

544 758 588 812 όόν
609 749 748 834 τροτόθμ
769 753 993 812 ’τοτόνοντ’·
1016 759 1083 812 κτλ.

283 885 341 928 nec
363 862 452 927 muto
475 863 676 927 sententiam.

284 1115 360 1180 Oed.
382 1115 449 1180 Col.
471 1117 531 1179 292
552 1118 709 1195 ταρβεῖν
730 1122 794 1193 μέν,
816 1117 837 1172 ὦ
859 1121 967 1194 γεραιέ,
990 1109 1217 1192 τόνθυμήματα

544 1226 640 1299 συλλή
664 1223 721 1279 ’στ’
743 1226 861 1299 όνόγκνρ
884 1226 959 1280 τατὸ
981 1228 1043 1280 σοῦ·
1063 1227 1178 1298 λόγοισι
1199 1227 1257 1302 γαρ

544 1333 595 1389 οὐκ
617 1337 786 1409 ὠνόμασται
808 1332 939 1409 βραχέσι
961 1336 1029 1386 κτλ.
1137 1333 1138 1338 ’

265 1519 266 1522 ¹
324 1435 448 1518 Oedipi,
477 1459 541 1518 quo
568 1433 786 1518 respicitur‘a
810 1420 920 1514 choro,
945 1435 1049 1501 oratio
1072 1435 1118 1499 ita
1139 1437 1326 1517 comparata
1347 1439 1404 1514 est,

183 1575 184 1580 ¹
282 1547 318 1606 ut
338 1544 534 1608 fiduciam
552 1544 662 1626 potius
681 1567 776 1624 quam
793 1544 982 1608 timorem
1002 1543 1141 1608 excitare
1158 1543 1314 1620 debuerit,
1326 1565 1406 1624 que·

282 1655 417 1732 propter
433 1651 541 1716 nescio
559 1674 600 1715 an
616 1649 794 1732 Sophocles
812 1649 900 1731 (nam
918 1654 1026 1730 τόρβος
1043 1653 1075 1753 ορ
1093 1654 1213 1731 ταρβεῖν
1230 1671 1404 1730 numquam

282 1760 447 1838 ponuntur
473 1757 511 1821 de
540 1756 786 1836 reverentia)
815 1780 879 1822 non
907 1762 1027 1838 ταρβεῖν
1055 1757 1219 1837 scripserit
1240 1756 1296 1825 sed
1316 1751 1404 1836 θαρ-

283 1873 377 1934 σεῖν,
400 1865 486 1945 quod
508 1865 641 1929 verbum
661 1868 739 1930 noto
762 1887 822 1929 usu
842 1865 989 1947 iungitur
1009 1887 1081 1930 cum
1102 1863 1294 1928 accusative.

282 2117 358 2183 Oed.
381 2118 446 2183 Col.
468 2119 601 2194 3281οὑκ
621 2123 691 2177 aveo
713 2115 837 2197 μόχθου
859 2125 895 2210 μέ
914 2140 987 2197 μοι.

323 2227 385 2283 Μοι
412 2225 564 2303 abundat,
595 2248 666 2290 cum
694 2248 769 2290 vero
797 2226 901 2310 prima
928 2245 1040 2288 manus
1066 2225 1100 2289 in
1131 2224 1238 2289 codiee
1259 2223 1403 2289 Medieeo

282 2330 401 2395 habeat
426 2353 493 2409 μου,
512 2332 668 2415 aptiorem
686 2331 761 2396 inde
779 2331 949 2397 lectionem
970 2352 1035 2390 του
1057 2330 1224 2395 eliciebam
1241 2327 1405 2394 Versla-

280 2459 361 2522 ‘gen
379 2462 454 2521 pag.
475 2440 522 2503 17.

283 2676 358 2743 Oed.
382 2677 449 2742 Col.
471 2679 539 2743 330.
563 2676 638 2744 Oed.
662 2681 683 2737 ὦ
707 2685 812 2759 σπέρμ’
834 2681 969 2757 όμαιμον.

763 2785 838 2852 lsm.
860 2790 881 2845 ὦ
902 2780 1116 2847 accatucci
1138 2783 1257 2866 τροφαὶ.

561 2892 637 2959 Oed.
660 2895 791 2971 ἧτῆσδε
812 2901 924 2973 κάματός

762 2999 836 3064 Ism.
859 3004 1005 3080 δυσμόρου
1026 3001 1053 3057 τ’
1075 3004 1147 3077 ἐμοῦ
1166 3004 1276 3078 τρίτης.

322 3106 384 3170 Edi
412 3105 531 3172 solete
552 3105 714 3171 Dindorfii
735 3107 919 3172 coniectura
941 3108 961 3164 ὦ
983 3107 1028 3165 δύ’
1050 3102 1146 3168 atara
1167 3103 1275 3185 τροφό,
1293 3126 1404 3169 vereor

285 3218 319 3278 ut
340 3218 434 3278 recte.
456 3213 490 3278 si
511 3215 595 3280 enim
616 3213 741 3279 Ismene
762 3215 809 3278 ita
827 3214 918 3292 dixit,
937 3214 989 3278 vix
1007 3212 1123 3277 addere
1141 3211 1249 3293 potuit
1266 3211 1404 3275 interro-

283 3326 360 3403 gata
381 3324 512 3405 epatre
533 3325 678 3402 δυσμόρου
702 3327 728 3380 τ’
752 3328 825 3401 ἐμοῦ
844 3328 954 3403 τρίτης,
976 3321 1052 3402 quia
1072 3321 1119 3385 sic
1139 3321 1245 3385 dicens
1266 3341 1331 3384 non
1354 3322 1403 3378 δύο

283 3429 338 3492 sed
376 3438 452 3508 τρεῖς
490 3423 602 3494 aaran
639 3430 755 3511 τροφός
790 3432 960 3517 numerat„
978 3427 1197 3493 Nihilominus
1228 3419 1405 3490 δυσόθλιος

282 3538 431 3615 suspecta
460 3558 520 3600 vox
548 3539 605 3612 est,
634 3559 715 3618 quae
743 3536 848 3601 labem
874 3537 1051 3620 suscepisse
1076 3535 1200 3599 videtur
1220 3555 1236 3596 e
1257 3531 1406 3613 sequenti

283 3644 457 3720 δυσμόρου.
483 3641 601 3706 Utrum
622 3643 880 3708 substituendum
901 3644 943 3709 sit
968 3638 1180 3705 τανόθλνον
1201 3641 1253 3720 (cf.
1276 3663 1303 3704 v.
1326 3639 1405 3704 1110

283 3751 315 3810 et
336 3747 419 3811 Phil.
442 3747 533 3828 1026)
554 3770 593 3812 an
615 3755 696 3828 τρὶς
716 3745 855 3810 atam
878 3749 930 3827 (cf.
952 3773 979 3815 v.
1000 3751 1072 3827 372)
1094 3748 1223 3814 difficile
1240 3747 1328 3811 dictu
1346 3749 1404 3811 est.

283 3851 398 3936 Oedipi
425 3854 645 3934 quaestionem
673 3857 888 3920 necessarium
917 3857 1047 3921 reddere
1070 3857 1213 3920 additum
1236 3856 1296 3923 δύο,
1319 3850 1405 3934 quod

282 3960 496 4024 contendebat
522 3959 717 4040 Dindor'fiuS,
740 3961 864 4043 optimo
885 3962 955 4026 iure
975 3963 1040 4026 iam
1060 3962 1192 4044 negavit
1213 3959 1405 4037 Meinekius,

282 4065 362 4128 mihi
386 4067 528 4130 additum
551 4071 601 4126 δύο
622 4089 687 4133 non
707 4071 833 4131 tantum
855 4090 922 4132 non
942 4068 1165 4143 necessarium,
1187 4067 1242 4132 sed
1261 4088 1301 4131 ne
1321 4065 1404 4130 tole·

280 4171 383 4236 rabile
404 4173 532 4253 quidem
553 4174 688 4240 videtur.
