3166 5002
807 573 848 636 20

263 756 377 822 Trach.
400 760 478 823 1255
537 805 539 809 -
922 765 1022 820 σαῦλα
1045 781 1089 819 τοι
1111 769 1211 819 κακῶν

504 866 589 945 αὕτη,
613 869 738 945 τελευτὴ
762 870 872 926 τοῦδε
893 860 1054 948 τανδρὸς
1076 869 1232 946 ὑστατνρ.

304 971 384 1054 Post
411 973 513 1037 multa
541 964 687 1054 aliorum,
716 996 798 1055 quac
827 977 1002 1051 enumerat,
1024 974 1204 1039 tentamina
1224 972 1387 1039 Meklerus

264 1079 416 1144 coniecit:

504 1192 629 1268 τελευτὴ
653 1188 747 1262 τῷδε
768 1192 899 1268 τανδρὶ
922 1186 1108 1268 Φιλτατη.
1224 1274 1226 1276 ¹

303 1293 385 1359 Mihi
406 1295 494 1359 venit
514 1295 547 1358 in
568 1300 726 1360 mentem:
1048 1351 1050 1355 .
1226 1277 1227 1282 ἵ

505 1407 629 1482 τελευτὴ
653 1403 745 1479 τῷδε
767 1407 899 1482 τανδρὶ
923 1398 1136 1482 θέσφατος.

263 1511 300 1572 ut
322 1512 370 1572 est
392 1507 428 1572 0.
450 1508 482 1573 G.
505 1509 580 1573 1471
606 1512 668 1588 ἣκει
690 1505 892 1591 θέσφατος
914 1514 980 1581 βίον
1001 1513 1136 1588 τελευτή.

264 1613 346 1678 Vide
368 1637 465 1697 supra
486 1616 524 1679 79
546 1637 615 1696 sqq.
638 1621 670 1680 et
691 1616 769 1681 1159
792 1639 862 1698 sqq.
1198 1615 1200 1617 ’

264 1828 444 1895 Parnasum.
466 1832 505 1896 43
527 1834 598 1890 aar
621 1833 638 1910 ἢ
660 1835 702 1890 ’τὶ
725 1830 851 1912 Φορβῆ
859 1855 873 1898 ς
894 1837 997 1892 νόστον
1018 1830 1201 1911 ἐξελήλυθεν

473 1959 474 1963 ’
524 1939 541 2016 ¹1
566 1936 686 2018 Φύλλον
707 1942 735 1997 et
753 1961 781 1997 τι
803 1943 930 1998 νώδυνον
952 1943 1071 1999 κατοιδέ
1090 1961 1153 1999 τον.

268 2079 271 2085 ·
304 2041 396 2118 Quod
426 2043 504 2108 olim
530 2045 564 2109 in
597 2044 992 2112 Exercitationibus
1024 2045 1195 2112 Oriticir
1227 2055 1407 2129 commen-s

264 2149 378 2213 dabam
397 2148 522 2230 Φορβὴ
533 2170 562 2219 ν,
584 2150 649 2215 iam
666 2157 741 2216 ante
757 2175 807 2216 me
825 2152 1013 2235 aBurgesio
1031 2159 1211 2220 correctum
1225 2176 1387 2220 essenunc
1435 2212 1438 2218 .

264 2279 302 2320 ex
319 2256 456 2321 Mekleri
475 2258 683 2322 annotatione
705 2258 934 2339 animadvertq
953 2261 1008 2341 qui
1026 2261 1096 2343 ipse
1114 2284 1225 2327 vereor
1241 2265 1279 2326 ut
1296 2283 1386 2326 suam

264 2363 481 2428 coniecturam
502 2364 519 2441 ιδ
546 2361 594 2443 'qt'
616 2366 689 2444 ἕλωρ
711 2369 830 2424 ἐδεστὸν
851 2366 960 2433 multis
982 2368 1177 2450 probaturus
1199 2369 1250 2433 sit.
1273 2368 1387 2449 Neque

264 2470 355 2534 video
375 2471 486 2551 quidni
508 2474 605 2552 poeta
621 2470 674 2534 hic
691 2477 794 2531 νόστον
811 2495 871 2554 pro
889 2478 954 2532 ὁδὸν
971 2497 1127 2556 usurpare
1144 2476 1297 2556 potuerit,
1315 2496 1387 2538 cum

265 2577 352 2641 Aiac.
380 2577 439 2641 900
467 2577 592 2656 chorus,
621 2578 676 2657 qui
706 2579 836 2642 Aiacem
857 2581 1060 2659 quaesiturus
1081 2581 1212 2660 exierat,
1233 2585 1387 2661 queratur

265 2686 336 2761 ὤμοι
355 2687 433 2760 ἐμῶν
450 2688 570 2741 νόστων.
589 2681 635 2746 Of.
655 2683 822 2765 Aristoph.
840 2684 921 2749 Ach.
939 2687 978 2749 29
992 2692 1033 2750 εἰς
1043 2691 1207 2765 ἐκκλησίαν
1228 2697 1386 2756 νοστῶν,

263 2789 283 2853 i,
302 2812 327 2853 e,
350 2788 471 2869 φοιταν,
494 2795 576 2857 ἱέναι,
597 2792 634 2852 ut
656 2800 833 2870 περινοστεῖν
854 2791 1016 2872 significat
1035 2799 1182 2872 περιιέναι,
1202 2792 1386 2874 τεριΦοιτοῖν.

265 2897 314 2959 Ad
337 2895 455 2976 φορβὴν
477 2901 584 2961 autern
607 2896 646 2961 cf.
667 2895 751 2961 infra
773 2897 841 2962 162.
866 2899 933 2962 712.
960 2899 1047 2963 1108.
1066 2899 1141 2964 Ant.
1160 2900 1228 2964 775.
1250 2898 1387 2964 Prorsus

264 3003 365 3084 igitur
393 3002 512 3067 sufficit
541 3002 704 3068 lenissima
728 3004 919 3084 emendatio,
945 3028 1042 3086 quam
1069 3006 1187 3070 dudum
1208 3007 1387 3072 intextum

264 3113 428 3192 receptam
451 3110 605 3191 oportuit,
626 3111 687 3175 nisi
706 3111 791 3176 forte
808 3111 960 3195 praefers,
979 3113 1063 3193 quod
1083 3112 1289 3178 Schenklium
1311 3135 1387 3178 con·

264 3216 377 3280 iecisse
398 3215 500 3291 viden,
522 3214 632 3296 Φορβρῖ
653 3217 725 3298 Ego
746 3221 855 3282 tamen
874 3219 914 3282 de
936 3219 1045 3282 dativo
1065 3219 1201 3283 multum
1223 3217 1346 3284 dubito.

266 3431 405 3496 Philoct.
430 3392 486 3496 157
508 3454 554 3513 sq.
575 3431 696 3497 Locum
717 3454 814 3515 supra
834 3432 972 3497 tractavi
993 3433 1033 3496 ad
1055 3432 1204 3499 Trachin.
1228 3433 1266 3498 18
1286 3455 1356 3515 sqq.

265 3645 404 3711 Philoot.
426 3647 485 3711 253
508 3652 552 3712 ὡς
572 3650 665 3727 μηδὲν
686 3650 773 3706 εἰδότ’
795 3649 850 3705 1σθι
872 3650 904 3725 μ’
926 3648 965 3705 ὥν
986 3654 1155 3729 ἀνιστορεῖς.

304 3753 490 3818 Dindorfius
520 3758 557 3819 ὡς
583 3753 744 3835 pertinere
771 3753 849 3818 dicit
869 3754 909 3818 ad
929 3758 1037 3825 ειδοτα,
1059 3759 1091 3820 et
1110 3754 1205 3820 facile
1225 3754 1257 3820 id
1276 3757 1386 3850 credas

264 3864 399 3943 propter
419 3882 462 3924 va.
483 3861 542 3924 567

427 3972 472 4032 ὡς
493 3969 578 4026 ταῦτ’
600 3971 710 4026 έτὶστω
731 3970 865 4046 δρώμεν’,
886 3969 919 4026 οὐ
939 3971 1079 4047 μέλλοντ’
1102 3970 1155 4039 ἔτι,

265 4072 321 4153 qui
349 4094 457 4137 versus
484 4072 603 4136 iniuria
625 4073 827 4149 sollicitatur,
849 4078 881 4139 et
901 4078 1035 4158 propter
1057 4075 1224 4158 Aristoph.
1243 4077 1385 4142 Acharn.
1430 4124 1432 4128 -

264 4179 323 4242 395
346 4183 383 4244 ὡς
404 4174 556 4258 τεθνήξων
579 4182 635 4238 aa
656 4187 736 4240 νυνί.’
