<?xml version="1.0" encoding="UTF-8"?>
<!DOCTYPE html PUBLIC "-//W3C//DTD XHTML 1.0 Transitional//EN"
    "http://www.w3.org/TR/xhtml1/DTD/xhtml1-transitional.dtd">
<html xmlns="http://www.w3.org/1999/xhtml" xml:lang="en" lang="en">
 <head>
  <title>
</title>
<meta http-equiv="Content-Type" content="text/html;charset=utf-8" />
  <meta name='ocr-system' content='tesseract 3.04.00' />
  <meta name='ocr-capabilities' content='ocr_page ocr_carea ocr_par ocr_line ocrx_word'/>
</head>
<body>
  <div class='ocr_page' id='page_1' title='image "./lucubrationesso00herwgoog_0016.png"; bbox 0 0 3166 5002; ppageno 0'>
   <div class='ocr_carea' id='block_1_1' title="bbox 732 567 773 650">
    <p class='ocr_par' dir='ltr' id='par_1_1' title="bbox 732 567 773 650">
     <span class='ocr_line' id='line_1_1' title="bbox 732 567 773 650; baseline 0 -19"><span class='ocrx_word' id='word_1_1' title='bbox 732 645 735 650; x_wconf 27' lang='grc' dir='ltr'>Ι</span> <span class='ocrx_word' id='word_1_2' title='bbox 754 567 773 631; x_wconf 89' lang='grc'>9</span> 
     </span>
    </p>
   </div>
   <div class='ocr_carea' id='block_1_2' title="bbox 202 753 1323 1052">
    <p class='ocr_par' dir='ltr' id='par_1_2' title="bbox 202 753 1323 1052">
     <span class='ocr_line' id='line_1_2' title="bbox 204 753 1323 838; baseline -0.001 -21"><span class='ocrx_word' id='word_1_3' title='bbox 204 762 351 838; x_wconf 80' lang='grc' dir='ltr'><em>πρέποντιί</em></span> <span class='ocrx_word' id='word_1_4' title='bbox 372 778 412 833; x_wconf 76' lang='grc' dir='ltr'>τῳ</span> <span class='ocrx_word' id='word_1_5' title='bbox 434 761 523 826; x_wconf 69' lang='lat' dir='ltr'>sunt,</span> <span class='ocrx_word' id='word_1_6' title='bbox 541 756 615 821; x_wconf 85' lang='lat' dir='ltr'>licet</span> <span class='ocrx_word' id='word_1_7' title='bbox 631 755 743 837; x_wconf 83' lang='lat' dir='ltr'>paullo</span> <span class='ocrx_word' id='word_1_8' title='bbox 761 755 868 819; x_wconf 86' lang='lat' dir='ltr'>minus</span> <span class='ocrx_word' id='word_1_9' title='bbox 886 776 1016 835; x_wconf 80' lang='lat' dir='ltr'>gravem</span> <span class='ocrx_word' id='word_1_10' title='bbox 1038 775 1075 818; x_wconf 84' lang='lat' dir='ltr'>ee</span> <span class='ocrx_word' id='word_1_11' title='bbox 1092 753 1250 824; x_wconf 82' lang='lat' dir='ltr'>sententie</span> <span class='ocrx_word' id='word_1_12' title='bbox 1266 753 1323 816; x_wconf 83' lang='lat' dir='ltr'>ha-</span> 
     </span>
     <span class='ocr_line' id='line_1_3' title="bbox 202 860 1322 943; baseline -0.004 -16"><span class='ocrx_word' id='word_1_13' title='bbox 202 864 278 928; x_wconf 86' lang='lat' dir='ltr'>beat</span> <span class='ocrx_word' id='word_1_14' title='bbox 305 864 524 928; x_wconf 88' lang='lat' dir='ltr'>offensionem.</span> <span class='ocrx_word' id='word_1_15' title='bbox 553 862 587 928; x_wconf 84' lang='lat' dir='ltr'>si</span> <span class='ocrx_word' id='word_1_16' title='bbox 615 861 704 927; x_wconf 83' lang='lat' dir='ltr'>chori</span> <span class='ocrx_word' id='word_1_17' title='bbox 728 883 837 926; x_wconf 87' lang='lat' dir='ltr'>versus</span> <span class='ocrx_word' id='word_1_18' title='bbox 858 860 989 943; x_wconf 82' lang='lat' dir='ltr'>genuini</span> <span class='ocrx_word' id='word_1_19' title='bbox 1010 863 1093 937; x_wconf 85' lang='lat' dir='ltr'>sunt,</span> <span class='ocrx_word' id='word_1_20' title='bbox 1115 881 1180 923; x_wconf 94' lang='lat' dir='ltr'>non</span> <span class='ocrx_word' id='word_1_21' title='bbox 1201 862 1322 941; x_wconf 81' lang='lat' dir='ltr'>exputo</span> 
     </span>
     <span class='ocr_line' id='line_1_4' title="bbox 203 970 672 1052; baseline -0.002 -18"><span class='ocrx_word' id='word_1_22' title='bbox 203 992 267 1051; x_wconf 93' lang='lat' dir='ltr'>quo</span> <span class='ocrx_word' id='word_1_23' title='bbox 286 974 383 1052; x_wconf 81' lang='lat' dir='ltr'>paeto</span> <span class='ocrx_word' id='word_1_24' title='bbox 405 970 523 1051; x_wconf 80' lang='lat' dir='ltr'><strong>corrigi</strong></span> <span class='ocrx_word' id='word_1_25' title='bbox 544 973 672 1051; x_wconf 80' lang='lat' dir='ltr'>queant.</span> 
     </span>
    </p>
   </div>
   <div class='ocr_carea' id='block_1_3' title="bbox 199 1235 1324 3133">
    <p class='ocr_par' dir='ltr' id='par_1_3' title="bbox 199 1235 1324 3133">
     <span class='ocr_line' id='line_1_5' title="bbox 202 1235 1135 1312; baseline -0.011 -10"><span class='ocrx_word' id='word_1_26' title='bbox 202 1236 316 1302; x_wconf 80' lang='lat' dir='ltr'>Traoh.</span> <span class='ocrx_word' id='word_1_27' title='bbox 337 1237 397 1302; x_wconf 86' lang='grc'>430</span> <span class='ocrx_word' id='word_1_28' title='bbox 418 1235 505 1301; x_wconf 77' lang='grc' dir='ltr'><em>Ιιίοίι.</em></span> <span class='ocrx_word' id='word_1_29' title='bbox 747 1243 793 1302; x_wconf 76' lang='grc' dir='ltr'>τίς</span> <span class='ocrx_word' id='word_1_30' title='bbox 815 1239 879 1295; x_wconf 74' lang='grc' dir='ltr'><em>ποτ’</em></span> <span class='ocrx_word' id='word_1_31' title='bbox 901 1236 982 1294; x_wconf 77' lang='grc' dir='ltr'><em>ἐστίν</em></span> <span class='ocrx_word' id='word_1_32' title='bbox 1004 1240 1017 1294; x_wconf 83' lang='grc' dir='ltr'><em>ί</em></span> <span class='ocrx_word' id='word_1_33' title='bbox 1039 1238 1135 1312; x_wconf 70' lang='grc' dir='ltr'><em>ξένοςς</em></span> 
     </span>
     <span class='ocr_line' id='line_1_6' title="bbox 242 1336 1047 1422; baseline -0.009 -14"><span class='ocrx_word' id='word_1_34' title='bbox 242 1341 342 1407; x_wconf 88' lang='lat' dir='ltr'>Nunt.</span> <span class='ocrx_word' id='word_1_35' title='bbox 364 1348 395 1408; x_wconf 77' lang='grc' dir='ltr'>ὃς</span> <span class='ocrx_word' id='word_1_36' title='bbox 417 1348 470 1401; x_wconf 90' lang='grc' dir='ltr'>σοῦ</span> <span class='ocrx_word' id='word_1_37' title='bbox 491 1347 589 1422; x_wconf 80' lang='grc' dir='ltr'><em>πορὼν</em></span> <span class='ocrx_word' id='word_1_38' title='bbox 612 1344 746 1420; x_wconf 75' lang='grc' dir='ltr'><em>ηκοῦσεν,</em></span> <span class='ocrx_word' id='word_1_39' title='bbox 771 1345 810 1407; x_wconf 81' lang='grc' dir='ltr'>ὡς</span> <span class='ocrx_word' id='word_1_40' title='bbox 830 1344 944 1420; x_wconf 82' lang='grc' dir='ltr'><em>ποῦπης</em></span> <span class='ocrx_word' id='word_1_41' title='bbox 965 1336 1047 1418; x_wconf 67' lang='grc' dir='ltr'>πόθῳ</span> 
     </span>
     <span class='ocr_line' id='line_1_7' title="bbox 367 1450 954 1528; baseline -0.005 -20"><span class='ocrx_word' id='word_1_42' title='bbox 367 1455 452 1515; x_wconf 83' lang='grc' dir='ltr'><em>πόλις</em></span> <span class='ocrx_word' id='word_1_43' title='bbox 473 1453 579 1528; x_wconf 80' lang='grc' dir='ltr'><em>δομείη</em></span> <span class='ocrx_word' id='word_1_44' title='bbox 602 1457 694 1517; x_wconf 86' lang='grc' dir='ltr'><em>ποίσοι,</em></span> <span class='ocrx_word' id='word_1_45' title='bbox 715 1450 793 1524; x_wconf 80' lang='grc' dir='ltr'>κούχ</span> <span class='ocrx_word' id='word_1_46' title='bbox 817 1453 833 1525; x_wconf 79' lang='grc' dir='ltr'><em>η</em></span> <span class='ocrx_word' id='word_1_47' title='bbox 856 1451 954 1506; x_wconf 76' lang='grc' dir='ltr'><em>Λοδίοι</em></span> 
     </span>
     <span class='ocr_line' id='line_1_8' title="bbox 251 1552 1121 1636; baseline -0.002 -22"><span class='ocrx_word' id='word_1_48' title='bbox 251 1632 255 1636; x_wconf 26' lang='grc'><em>,</em></span> <span class='ocrx_word' id='word_1_49' title='bbox 367 1562 496 1635; x_wconf 82' lang='grc' dir='ltr'><em>πέρσειεν</em></span> <span class='ocrx_word' id='word_1_50' title='bbox 519 1557 625 1633; x_wconf 84' lang='grc' dir='ltr'><em>οιὺπην,</em></span> <span class='ocrx_word' id='word_1_51' title='bbox 646 1558 716 1613; x_wconf 68' lang='grc' dir='ltr'><em>ἀλλ’</em></span> <span class='ocrx_word' id='word_1_52' title='bbox 739 1559 752 1613; x_wconf 83' lang='grc' dir='ltr'><em>ί</em></span> <span class='ocrx_word' id='word_1_53' title='bbox 773 1558 860 1632; x_wconf 67' lang='grc' dir='ltr'><em>τῆσδ’</em></span> <span class='ocrx_word' id='word_1_54' title='bbox 882 1555 951 1634; x_wconf 77' lang='grc' dir='ltr'><em>ἔρως</em></span> <span class='ocrx_word' id='word_1_55' title='bbox 973 1552 1121 1635; x_wconf 87' lang='grc' dir='ltr'><em>φιινείς.</em></span> 
     </span>
     <span class='ocr_line' id='line_1_9' title="bbox 242 1656 1056 1741; baseline 0.001 -22"><span class='ocrx_word' id='word_1_56' title='bbox 242 1661 329 1727; x_wconf 82' lang='lat' dir='ltr'>Lich.</span> <span class='ocrx_word' id='word_1_57' title='bbox 364 1656 528 1741; x_wconf 68' lang='grc' dir='ltr'><em>ίίνθρωπος,</em></span> <span class='ocrx_word' id='word_1_58' title='bbox 550 1663 571 1720; x_wconf 78' lang='grc' dir='ltr'><strong><em>ὦ</em></strong></span> <span class='ocrx_word' id='word_1_59' title='bbox 594 1665 732 1731; x_wconf 79' lang='grc' dir='ltr'><em>δέσποιν’,</em></span> <span class='ocrx_word' id='word_1_60' title='bbox 754 1667 923 1740; x_wconf 77' lang='grc' dir='ltr'><em>ῦποσπηπω·</em></span> <span class='ocrx_word' id='word_1_61' title='bbox 945 1665 977 1720; x_wconf 81' lang='grc' dir='ltr'>πὸ</span> <span class='ocrx_word' id='word_1_62' title='bbox 998 1668 1056 1741; x_wconf 68' lang='grc' dir='ltr'>γὰρ</span> 
     </span>
     <span class='ocr_line' id='line_1_10' title="bbox 367 1768 1063 1851; baseline 0.003 -24"><span class='ocrx_word' id='word_1_63' title='bbox 367 1774 543 1828; x_wconf 81' lang='grc' dir='ltr'><em>νοσοῦντι</em></span> <span class='ocrx_word' id='word_1_64' title='bbox 566 1778 665 1850; x_wconf 93' lang='grc' dir='ltr'><em>ληρεῖν</em></span> <span class='ocrx_word' id='word_1_65' title='bbox 688 1773 790 1849; x_wconf 71' lang='grc' dir='ltr'><em>ἀνδρὸς</em></span> <span class='ocrx_word' id='word_1_66' title='bbox 811 1773 880 1847; x_wconf 82' lang='grc' dir='ltr'><em>οὐχί</em></span> <span class='ocrx_word' id='word_1_67' title='bbox 902 1768 1063 1851; x_wconf 86' lang='grc' dir='ltr'><em>σώφρονος.</em></span> 
     </span>
     <span class='ocr_line' id='line_1_11' title="bbox 241 1873 1322 1960; baseline 0 -22"><span class='ocrx_word' id='word_1_68' title='bbox 241 1873 276 1939; x_wconf 83' lang='lat' dir='ltr'>si</span> <span class='ocrx_word' id='word_1_69' title='bbox 303 1879 388 1940; x_wconf 88' lang='lat' dir='ltr'>recte</span> <span class='ocrx_word' id='word_1_70' title='bbox 416 1873 524 1955; x_wconf 80' lang='grc' dir='ltr'><em>φννείς</em></span> <span class='ocrx_word' id='word_1_71' title='bbox 550 1875 583 1939; x_wconf 90' lang='lat' dir='ltr'>in</span> <span class='ocrx_word' id='word_1_72' title='bbox 611 1876 682 1940; x_wconf 89' lang='lat' dir='ltr'>vitii</span> <span class='ocrx_word' id='word_1_73' title='bbox 712 1877 926 1960; x_wconf 84' lang='lat' dir='ltr'>suspicionem</span> <span class='ocrx_word' id='word_1_74' title='bbox 958 1876 1086 1940; x_wconf 87' lang='lat' dir='ltr'>vocavit</span> <span class='ocrx_word' id='word_1_75' title='bbox 1116 1875 1322 1955; x_wconf 82' lang='lat' dir='ltr'>Schmidtius‚</span> 
     </span>
     <span class='ocr_line' id='line_1_12' title="bbox 201 1982 1322 2066; baseline 0.002 -21"><span class='ocrx_word' id='word_1_76' title='bbox 201 2004 316 2064; x_wconf 81' lang='lat' dir='ltr'>parum</span> <span class='ocrx_word' id='word_1_77' title='bbox 336 1986 411 2065; x_wconf 81' lang='lat' dir='ltr'>epte</span> <span class='ocrx_word' id='word_1_78' title='bbox 433 1983 568 2047; x_wconf 87' lang='lat' dir='ltr'>coniecit</span> <span class='ocrx_word' id='word_1_79' title='bbox 590 1982 727 2064; x_wconf 86' lang='grc' dir='ltr'><em>φίλης,</em></span> <span class='ocrx_word' id='word_1_80' title='bbox 749 1985 803 2047; x_wconf 90' lang='lat' dir='ltr'>sed</span> <span class='ocrx_word' id='word_1_81' title='bbox 821 1982 936 2066; x_wconf 79' lang='lat' dir='ltr'>procul</span> <span class='ocrx_word' id='word_1_82' title='bbox 957 1983 1054 2048; x_wconf 87' lang='lat' dir='ltr'>dubio</span> <span class='ocrx_word' id='word_1_83' title='bbox 1072 1982 1189 2047; x_wconf 85' lang='lat' dir='ltr'>rectius</span> <span class='ocrx_word' id='word_1_84' title='bbox 1211 1987 1322 2061; x_wconf 77' lang='grc' dir='ltr'><em>ξένης</em></span> 
     </span>
     <span class='ocr_line' id='line_1_13' title="bbox 201 2089 1324 2173; baseline -0.001 -20"><span class='ocrx_word' id='word_1_85' title='bbox 201 2091 431 2173; x_wconf 87' lang='lat' dir='ltr'>proposuisset.</span> <span class='ocrx_word' id='word_1_86' title='bbox 449 2089 512 2154; x_wconf 81' lang='lat' dir='ltr'>Cur</span> <span class='ocrx_word' id='word_1_87' title='bbox 529 2096 637 2156; x_wconf 87' lang='lat' dir='ltr'>autem</span> <span class='ocrx_word' id='word_1_88' title='bbox 655 2090 816 2155; x_wconf 87' lang='lat' dir='ltr'>Meklerus</span> <span class='ocrx_word' id='word_1_89' title='bbox 835 2090 965 2156; x_wconf 85' lang='lat' dir='ltr'>lectioni</span> <span class='ocrx_word' id='word_1_90' title='bbox 983 2096 1115 2149; x_wconf 76' lang='grc' dir='ltr'><em>νοσοῦντι</em></span> <span class='ocrx_word' id='word_1_91' title='bbox 1134 2089 1324 2172; x_wconf 84' lang='lat' dir='ltr'>praetulerit</span> 
     </span>
     <span class='ocr_line' id='line_1_14' title="bbox 201 2195 1322 2280; baseline 0 -20"><span class='ocrx_word' id='word_1_92' title='bbox 201 2202 303 2255; x_wconf 83' lang='grc' dir='ltr'><em>νοσοῦν</em></span> <span class='ocrx_word' id='word_1_93' title='bbox 324 2217 362 2266; x_wconf 83' lang='grc' dir='ltr'>τι,</span> <span class='ocrx_word' id='word_1_94' title='bbox 382 2197 491 2261; x_wconf 82' lang='lat' dir='ltr'>addita</span> <span class='ocrx_word' id='word_1_95' title='bbox 511 2195 667 2279; x_wconf 78' lang='lat' dir='ltr'>Stephani</span> <span class='ocrx_word' id='word_1_96' title='bbox 687 2197 956 2280; x_wconf 82' lang='lat' dir='ltr'>interpretatione</span> <span class='ocrx_word' id='word_1_97' title='bbox 977 2199 1125 2279; x_wconf 84' lang='lat' dir='ltr'>nugari</span> <span class='ocrx_word' id='word_1_98' title='bbox 1146 2197 1322 2262; x_wconf 88' lang='lat' dir='ltr'>dicendo</span> 
     </span>
     <span class='ocr_line' id='line_1_15' title="bbox 200 2302 1323 2385; baseline -0.001 -18"><span class='ocrx_word' id='word_1_99' title='bbox 200 2303 425 2384; x_wconf 81' lang='lat' dir='ltr'>mendacia,</span> <span class='ocrx_word' id='word_1_100' title='bbox 454 2325 586 2385; x_wconf 87' lang='lat' dir='ltr'>prorsus</span> <span class='ocrx_word' id='word_1_101' title='bbox 614 2326 679 2368; x_wconf 92' lang='lat' dir='ltr'>non</span> <span class='ocrx_word' id='word_1_102' title='bbox 706 2305 871 2385; x_wconf 84' lang='lat' dir='ltr'>intellego.</span> <span class='ocrx_word' id='word_1_103' title='bbox 902 2303 980 2380; x_wconf 86' lang='lat' dir='ltr'>Quis</span> <span class='ocrx_word' id='word_1_104' title='bbox 1009 2303 1094 2369; x_wconf 89' lang='lat' dir='ltr'>enim</span> <span class='ocrx_word' id='word_1_105' title='bbox 1120 2303 1182 2369; x_wconf 90' lang='lat' dir='ltr'>hoc</span> <span class='ocrx_word' id='word_1_106' title='bbox 1204 2302 1323 2368; x_wconf 79' lang='lat' dir='ltr'>Graece</span> 
     </span>
     <span class='ocr_line' id='line_1_16' title="bbox 200 2409 1322 2492; baseline -0.005 -19"><span class='ocrx_word' id='word_1_107' title='bbox 200 2411 246 2474; x_wconf 82' lang='lat' dir='ltr'>ita</span> <span class='ocrx_word' id='word_1_108' title='bbox 282 2411 423 2475; x_wconf 71' lang='lat' dir='ltr'>dixerit?</span> <span class='ocrx_word' id='word_1_109' title='bbox 461 2409 595 2492; x_wconf 83' lang='lat' dir='ltr'>Semper</span> <span class='ocrx_word' id='word_1_110' title='bbox 633 2411 717 2474; x_wconf 90' lang='lat' dir='ltr'>enim</span> <span class='ocrx_word' id='word_1_111' title='bbox 754 2416 787 2470; x_wconf 82' lang='grc' dir='ltr'>τὸ</span> <span class='ocrx_word' id='word_1_112' title='bbox 820 2419 919 2490; x_wconf 87' lang='grc' dir='ltr'><em>ληρεῖν</em></span> <span class='ocrx_word' id='word_1_113' title='bbox 947 2415 995 2475; x_wconf 85' lang='lat' dir='ltr'>est</span> <span class='ocrx_word' id='word_1_114' title='bbox 1026 2416 1129 2469; x_wconf 81' lang='grc' dir='ltr'><em>νοσοῦν</em></span> <span class='ocrx_word' id='word_1_115' title='bbox 1160 2431 1198 2468; x_wconf 76' lang='grc' dir='ltr'>τι.</span> <span class='ocrx_word' id='word_1_116' title='bbox 1229 2409 1322 2475; x_wconf 74' lang='lat' dir='ltr'>Iubet</span> 
     </span>
     <span class='ocr_line' id='line_1_17' title="bbox 201 2517 1322 2596; baseline 0.002 -16"><span class='ocrx_word' id='word_1_117' title='bbox 201 2520 308 2581; x_wconf 82' lang='lat' dir='ltr'>autem</span> <span class='ocrx_word' id='word_1_118' title='bbox 335 2517 450 2582; x_wconf 81' lang='lat' dir='ltr'>Lichas</span> <span class='ocrx_word' id='word_1_119' title='bbox 472 2518 621 2581; x_wconf 89' lang='lat' dir='ltr'>nuntium</span> <span class='ocrx_word' id='word_1_120' title='bbox 641 2517 807 2596; x_wconf 83' lang='lat' dir='ltr'>removeri,</span> <span class='ocrx_word' id='word_1_121' title='bbox 830 2517 937 2582; x_wconf 82' lang='lat' dir='ltr'>dicens</span> <span class='ocrx_word' id='word_1_122' title='bbox 959 2517 1044 2582; x_wconf 90' lang='lat' dir='ltr'>nolle</span> <span class='ocrx_word' id='word_1_123' title='bbox 1065 2539 1108 2594; x_wconf 78' lang='lat' dir='ltr'>se,</span> <span class='ocrx_word' id='word_1_124' title='bbox 1129 2539 1241 2581; x_wconf 85' lang='lat' dir='ltr'>sanum</span> <span class='ocrx_word' id='word_1_125' title='bbox 1263 2517 1322 2582; x_wconf 95' lang='lat' dir='ltr'>ho·</span> 
     </span>
     <span class='ocr_line' id='line_1_18' title="bbox 200 2623 1322 2705; baseline -0.006 -17"><span class='ocrx_word' id='word_1_126' title='bbox 200 2624 328 2705; x_wconf 82' lang='lat' dir='ltr'>minem,</span> <span class='ocrx_word' id='word_1_127' title='bbox 355 2623 504 2704; x_wconf 82' lang='lat' dir='ltr'>nugari</span> <span class='ocrx_word' id='word_1_128' title='bbox 525 2647 610 2688; x_wconf 87' lang='lat' dir='ltr'>eum</span> <span class='ocrx_word' id='word_1_129' title='bbox 631 2623 795 2703; x_wconf 82' lang='lat' dir='ltr'>insano,</span> <span class='ocrx_word' id='word_1_130' title='bbox 817 2629 960 2694; x_wconf 77' lang='grc' dir='ltr'><em>νοσοῦντι,</em></span> <span class='ocrx_word' id='word_1_131' title='bbox 981 2623 1001 2687; x_wconf 89' lang='lat' dir='ltr'>i.</span> <span class='ocrx_word' id='word_1_132' title='bbox 1023 2646 1048 2688; x_wconf 84' lang='lat' dir='ltr'>e.</span> <span class='ocrx_word' id='word_1_133' title='bbox 1077 2627 1146 2703; x_wconf 87' lang='grc' dir='ltr'><em>πρὸς</em></span> <span class='ocrx_word' id='word_1_134' title='bbox 1170 2628 1322 2694; x_wconf 72' lang='grc' dir='ltr'><em>νοσοῦντα,</em></span> 
     </span>
     <span class='ocr_line' id='line_1_19' title="bbox 200 2739 923 2812; baseline 0.007 -23"><span class='ocrx_word' id='word_1_135' title='bbox 200 2739 308 2812; x_wconf 77' lang='grc' dir='ltr'><em>ληρεῖν.</em></span> <span class='ocrx_word' id='word_1_136' title='bbox 921 2788 923 2794; x_wconf 73' lang='grc'><em>,</em></span> 
     </span>
     <span class='ocr_line' id='line_1_20' title="bbox 239 2834 1321 2920; baseline -0.007 -18"><span class='ocrx_word' id='word_1_137' title='bbox 239 2837 334 2917; x_wconf 81' lang='lat' dir='ltr'>Nam,</span> <span class='ocrx_word' id='word_1_138' title='bbox 362 2839 447 2920; x_wconf 85' lang='lat' dir='ltr'>quod</span> <span class='ocrx_word' id='word_1_139' title='bbox 477 2839 559 2902; x_wconf 85' lang='lat' dir='ltr'>dixit</span> <span class='ocrx_word' id='word_1_140' title='bbox 588 2839 692 2919; x_wconf 78' lang='lat' dir='ltr'>Plato,</span> <span class='ocrx_word' id='word_1_141' title='bbox 721 2842 797 2904; x_wconf 83' lang='grc' dir='ltr'><em>είκὸς</em></span> <span class='ocrx_word' id='word_1_142' title='bbox 824 2836 919 2918; x_wconf 82' lang='grc' dir='ltr'><em>σοφὸν</em></span> <span class='ocrx_word' id='word_1_143' title='bbox 947 2841 1039 2918; x_wconf 76' lang='grc' dir='ltr'><em>ῖίνδρο</em></span> <span class='ocrx_word' id='word_1_144' title='bbox 1069 2842 1111 2917; x_wconf 80' lang='grc' dir='ltr'>μη</span> <span class='ocrx_word' id='word_1_145' title='bbox 1146 2845 1254 2916; x_wconf 88' lang='grc' dir='ltr'><em>ληρεῖν.</em></span> <span class='ocrx_word' id='word_1_146' title='bbox 1287 2834 1321 2902; x_wconf 85' lang='lat' dir='ltr'>Si</span> 
     </span>
     <span class='ocr_line' id='line_1_21' title="bbox 199 2944 1322 3025; baseline 0.003 -21"><span class='ocrx_word' id='word_1_147' title='bbox 199 2953 298 3025; x_wconf 87' lang='grc' dir='ltr'><em>ληρεῖν</em></span> <span class='ocrx_word' id='word_1_148' title='bbox 318 2947 498 3010; x_wconf 86' lang='lat' dir='ltr'>necessario</span> <span class='ocrx_word' id='word_1_149' title='bbox 520 2946 721 3010; x_wconf 84' lang='lat' dir='ltr'>referendum</span> <span class='ocrx_word' id='word_1_150' title='bbox 743 2949 826 3010; x_wconf 86' lang='lat' dir='ltr'>esset</span> <span class='ocrx_word' id='word_1_151' title='bbox 847 2946 886 3009; x_wconf 82' lang='lat' dir='ltr'>ad</span> <span class='ocrx_word' id='word_1_152' title='bbox 907 2945 1066 3024; x_wconf 81' lang='lat' dir='ltr'>nuntium,</span> <span class='ocrx_word' id='word_1_153' title='bbox 1085 2944 1229 3009; x_wconf 83' lang='lat' dir='ltr'>conicere</span> <span class='ocrx_word' id='word_1_154' title='bbox 1246 2965 1322 3024; x_wconf 91' lang='lat' dir='ltr'>pos·</span> 
     </span>
     <span class='ocr_line' id='line_1_22' title="bbox 199 3053 919 3133; baseline -0.001 -16"><span class='ocrx_word' id='word_1_155' title='bbox 199 3073 249 3116; x_wconf 88' lang='lat' dir='ltr'>ses</span> <span class='ocrx_word' id='word_1_156' title='bbox 270 3056 427 3111; x_wconf 74' lang='grc' dir='ltr'><em>τοσόνδε</em></span> <span class='ocrx_word' id='word_1_157' title='bbox 448 3060 557 3132; x_wconf 86' lang='grc' dir='ltr'><em>ληρεῖν,</em></span> <span class='ocrx_word' id='word_1_158' title='bbox 579 3054 634 3118; x_wconf 87' lang='lat' dir='ltr'>sed</span> <span class='ocrx_word' id='word_1_159' title='bbox 655 3053 738 3117; x_wconf 91' lang='lat' dir='ltr'>nihil</span> <span class='ocrx_word' id='word_1_160' title='bbox 759 3074 840 3133; x_wconf 88' lang='lat' dir='ltr'>opus</span> <span class='ocrx_word' id='word_1_161' title='bbox 863 3056 919 3116; x_wconf 87' lang='lat' dir='ltr'>est.</span> 
     </span>
    </p>
   </div>
   <div class='ocr_carea' id='block_1_4' title="bbox 197 3321 1321 4045">
    <p class='ocr_par' dir='ltr' id='par_1_4' title="bbox 197 3321 1321 4045">
     <span class='ocr_line' id='line_1_23' title="bbox 199 3321 1126 3402; baseline 0 -21"><span class='ocrx_word' id='word_1_162' title='bbox 199 3323 314 3387; x_wconf 81' lang='lat' dir='ltr'>Trach.</span> <span class='ocrx_word' id='word_1_163' title='bbox 336 3323 395 3388; x_wconf 82' lang='lat'>545</span> <span class='ocrx_word' id='word_1_164' title='bbox 417 3327 450 3381; x_wconf 82' lang='grc' dir='ltr'>τὸ</span> <span class='ocrx_word' id='word_1_165' title='bbox 472 3326 498 3381; x_wconf 73' lang='grc' dir='ltr'>δ’</span> <span class='ocrx_word' id='word_1_166' title='bbox 520 3321 559 3380; x_wconf 81' lang='grc' dir='ltr'>οὗ</span> <span class='ocrx_word' id='word_1_167' title='bbox 580 3326 723 3401; x_wconf 77' lang='grc' dir='ltr'><em>ξυνοικεῖν</em></span> <span class='ocrx_word' id='word_1_168' title='bbox 744 3327 810 3401; x_wconf 71' lang='grc' dir='ltr'>τῇδ’</span> <span class='ocrx_word' id='word_1_169' title='bbox 832 3329 906 3402; x_wconf 81' lang='grc' dir='ltr'><em>ὁμοῦ</em></span> <span class='ocrx_word' id='word_1_170' title='bbox 926 3330 971 3389; x_wconf 83' lang='grc' dir='ltr'>πίς</span> <span class='ocrx_word' id='word_1_171' title='bbox 993 3325 1029 3381; x_wconf 67' lang='grc' dir='ltr'>ἂν</span> <span class='ocrx_word' id='word_1_172' title='bbox 1050 3328 1126 3402; x_wconf 76' lang='grc' dir='ltr'><em>γυνη</em></span> 
     </span>
     <span class='ocr_line' id='line_1_24' title="bbox 419 3432 1092 3509; baseline -0.001 -20"><span class='ocrx_word' id='word_1_173' title='bbox 419 3433 549 3498; x_wconf 73' lang='grc' dir='ltr'><em>δύναιτο,</em></span> <span class='ocrx_word' id='word_1_174' title='bbox 571 3435 748 3489; x_wconf 81' lang='grc' dir='ltr'><em>κοινωνοῦσιν</em></span> <span class='ocrx_word' id='word_1_175' title='bbox 770 3438 829 3488; x_wconf 77' lang='grc' dir='ltr'>νῦν</span> <span class='ocrx_word' id='word_1_176' title='bbox 850 3432 948 3490; x_wconf 73' lang='grc' dir='ltr'><em>αὐτῶν</em></span> <span class='ocrx_word' id='word_1_177' title='bbox 969 3435 1092 3509; x_wconf 76' lang='grc' dir='ltr'><em>γάμων;</em></span> 
     </span>
     <span class='ocr_line' id='line_1_25' title="bbox 419 3536 1109 3616; baseline -0.001 -21"><span class='ocrx_word' id='word_1_178' title='bbox 419 3541 484 3616; x_wconf 81' lang='grc' dir='ltr'>ίρῦ</span> <span class='ocrx_word' id='word_1_179' title='bbox 506 3541 564 3614; x_wconf 71' lang='grc' dir='ltr'><em>γοίρ</em></span> <span class='ocrx_word' id='word_1_180' title='bbox 586 3536 664 3614; x_wconf 68' lang='grc' dir='ltr'><em>ἥβην</em></span> <span class='ocrx_word' id='word_1_181' title='bbox 686 3539 741 3613; x_wconf 80' lang='grc' dir='ltr'>πην</span> <span class='ocrx_word' id='word_1_182' title='bbox 762 3541 817 3615; x_wconf 76' lang='grc' dir='ltr'>μὲν</span> <span class='ocrx_word' id='word_1_183' title='bbox 839 3539 982 3616; x_wconf 75' lang='grc' dir='ltr'><em>ἓρποιισιιν</em></span> <span class='ocrx_word' id='word_1_184' title='bbox 1004 3541 1109 3616; x_wconf 85' lang='grc' dir='ltr'><em>πρόσω,</em></span> 
     </span>
     <span class='ocr_line' id='line_1_26' title="bbox 420 3636 1125 3723; baseline 0.001 -23"><span class='ocrx_word' id='word_1_185' title='bbox 420 3645 476 3720; x_wconf 82' lang='grc' dir='ltr'>την</span> <span class='ocrx_word' id='word_1_186' title='bbox 497 3645 528 3700; x_wconf 73' lang='grc' dir='ltr'>δὲ</span> <span class='ocrx_word' id='word_1_187' title='bbox 550 3636 738 3722; x_wconf 61' lang='grc' dir='ltr'><em>φθίνουσοιν</em></span> <span class='ocrx_word' id='word_1_188' title='bbox 760 3645 806 3701; x_wconf 86' lang='grc' dir='ltr'>ὦν</span> <span class='ocrx_word' id='word_1_189' title='bbox 827 3641 1014 3723; x_wconf 72' lang='grc' dir='ltr'><em>ἀφαρπάζειν</em></span> <span class='ocrx_word' id='word_1_190' title='bbox 1036 3641 1125 3723; x_wconf 89' lang='grc' dir='ltr'><em>φιλεῖ</em></span> 
     </span>
     <span class='ocr_line' id='line_1_27' title="bbox 419 3743 1126 3830; baseline 0 -22"><span class='ocrx_word' id='word_1_191' title='bbox 419 3743 584 3830; x_wconf 63' lang='grc' dir='ltr'><em>ὀφθαλμὸς</em></span> <span class='ocrx_word' id='word_1_192' title='bbox 605 3751 699 3818; x_wconf 82' lang='grc' dir='ltr'><em>ίίνθος,</em></span> <span class='ocrx_word' id='word_1_193' title='bbox 720 3757 779 3807; x_wconf 82' lang='grc' dir='ltr'>πῶν</span> <span class='ocrx_word' id='word_1_194' title='bbox 801 3752 827 3807; x_wconf 77' lang='grc' dir='ltr'>δ’</span> <span class='ocrx_word' id='word_1_195' title='bbox 850 3752 1020 3829; x_wconf 80' lang='grc' dir='ltr'><em>ὑπεκπρέπει</em></span> <span class='ocrx_word' id='word_1_196' title='bbox 1042 3754 1126 3809; x_wconf 74' lang='grc' dir='ltr'><em>πόδε.</em></span> 
     </span>
     <span class='ocr_line' id='line_1_28' title="bbox 237 3850 1321 3938; baseline 0 -18"><span class='ocrx_word' id='word_1_197' title='bbox 237 3855 275 3920; x_wconf 89' lang='lat' dir='ltr'>In</span> <span class='ocrx_word' id='word_1_198' title='bbox 302 3856 454 3922; x_wconf 88' lang='lat' dir='ltr'>liberiore</span> <span class='ocrx_word' id='word_1_199' title='bbox 483 3860 654 3935; x_wconf 82' lang='lat' dir='ltr'>structura,</span> <span class='ocrx_word' id='word_1_200' title='bbox 683 3877 746 3937; x_wconf 82' lang='lat' dir='ltr'>qua</span> <span class='ocrx_word' id='word_1_201' title='bbox 768 3878 806 3920; x_wconf 86' lang='lat' dir='ltr'>ex</span> <span class='ocrx_word' id='word_1_202' title='bbox 827 3850 991 3936; x_wconf 69' lang='grc' dir='ltr'><em>ὀφθαλμὸς</em></span> <span class='ocrx_word' id='word_1_203' title='bbox 1011 3855 1211 3938; x_wconf 82' lang='lat' dir='ltr'>intellegitur</span> <span class='ocrx_word' id='word_1_204' title='bbox 1233 3855 1321 3920; x_wconf 87' lang='lat' dir='ltr'>verbi</span> 
     </span>
     <span class='ocr_line' id='line_1_29' title="bbox 197 3957 1320 4045; baseline 0.001 -20"><span class='ocrx_word' id='word_1_205' title='bbox 197 3964 360 4043; x_wconf 86' lang='lat' dir='ltr'>sequentis</span> <span class='ocrx_word' id='word_1_206' title='bbox 380 3963 558 4028; x_wconf 82' lang='lat' dir='ltr'>subiectum</span> <span class='ocrx_word' id='word_1_207' title='bbox 577 3969 659 4043; x_wconf 83' lang='grc' dir='ltr'><em>ιίνηρ,</em></span> <span class='ocrx_word' id='word_1_208' title='bbox 678 3963 850 4028; x_wconf 81' lang='lat' dir='ltr'>haeserunt</span> <span class='ocrx_word' id='word_1_209' title='bbox 868 3963 962 4027; x_wconf 89' lang='lat' dir='ltr'>multi</span> <span class='ocrx_word' id='word_1_210' title='bbox 979 3984 1038 4045; x_wconf 91' lang='lat' dir='ltr'>pro</span> <span class='ocrx_word' id='word_1_211' title='bbox 1057 3957 1222 4043; x_wconf 69' lang='grc' dir='ltr'><em>ὀφθαλμὸς</em></span> <span class='ocrx_word' id='word_1_212' title='bbox 1239 3963 1320 4028; x_wconf 83' lang='lat' dir='ltr'>alius</span> 
     </span>
    </p>
   </div>
   <div class='ocr_carea' id='block_1_5' title="bbox 198 4069 1320 4258">
    <p class='ocr_par' dir='ltr' id='par_1_5' title="bbox 198 4069 1320 4258">
     <span class='ocr_line' id='line_1_30' title="bbox 198 4069 1319 4153; baseline 0.001 -20"><span class='ocrx_word' id='word_1_213' title='bbox 198 4069 284 4134; x_wconf 84' lang='lat' dir='ltr'>aliud</span> <span class='ocrx_word' id='word_1_214' title='bbox 304 4071 544 4149; x_wconf 77' lang='lat' dir='ltr'>substituentes,</span> <span class='ocrx_word' id='word_1_215' title='bbox 562 4071 615 4134; x_wconf 89' lang='lat' dir='ltr'>sed</span> <span class='ocrx_word' id='word_1_216' title='bbox 634 4071 777 4153; x_wconf 80' lang='lat' dir='ltr'>speciose</span> <span class='ocrx_word' id='word_1_217' title='bbox 797 4070 1014 4134; x_wconf 85' lang='lat' dir='ltr'>Weckleiuius</span> <span class='ocrx_word' id='word_1_218' title='bbox 1033 4071 1231 4152; x_wconf 84' lang='lat' dir='ltr'>comparavit</span> <span class='ocrx_word' id='word_1_219' title='bbox 1242 4070 1319 4135; x_wconf 84' lang='lat' dir='ltr'>Eur.</span> 
     </span>
     <span class='ocr_line' id='line_1_31' title="bbox 199 4174 1320 4258; baseline -0.004 -17"><span class='ocrx_word' id='word_1_220' title='bbox 199 4175 280 4240; x_wconf 86' lang='lat' dir='ltr'>Med.</span> <span class='ocrx_word' id='word_1_221' title='bbox 300 4177 378 4240; x_wconf 85' lang='grc'><strong>1244</strong></span> <span class='ocrx_word' id='word_1_222' title='bbox 395 4179 445 4253; x_wconf 70' lang='lat' dir='ltr'>dly&#39;</span> <span class='ocrx_word' id='word_1_223' title='bbox 465 4178 486 4234; x_wconf 83' lang='grc' dir='ltr'><em>ὦ</em></span> <span class='ocrx_word' id='word_1_224' title='bbox 505 4182 633 4235; x_wconf 76' lang='grc' dir='ltr'><em>πῦλιιινοι</em></span> <span class='ocrx_word' id='word_1_225' title='bbox 651 4183 738 4257; x_wconf 79' lang='grc' dir='ltr'><em>χείρ</em></span> <span class='ocrx_word' id='word_1_226' title='bbox 757 4182 824 4256; x_wconf 85' lang='grc' dir='ltr'><em>έμη,</em></span> <span class='ocrx_word' id='word_1_227' title='bbox 842 4181 919 4246; x_wconf 77' lang='grc' dir='ltr'><em>λοιβί</em></span> <span class='ocrx_word' id='word_1_228' title='bbox 937 4174 1035 4256; x_wconf 79' lang='grc' dir='ltr'><em>ξίφος,</em></span> <span class='ocrx_word' id='word_1_229' title='bbox 1053 4180 1136 4246; x_wconf 73' lang='grc' dir='ltr'><em>λάβ’,</em></span> <span class='ocrx_word' id='word_1_230' title='bbox 1151 4180 1237 4258; x_wconf 75' lang='grc' dir='ltr'><em>ἕρπε</em></span> <span class='ocrx_word' id='word_1_231' title='bbox 1252 4181 1320 4257; x_wconf 84' lang='grc' dir='ltr'><em>πρὸς</em></span> 
     </span>
    </p>
   </div>
   <div class='ocr_carea' id='block_1_6' title="bbox 0 0 1588 5002">
    <p class='ocr_par' dir='ltr' id='par_1_6' title="bbox 0 0 1588 5002">
     <span class='ocr_line' id='line_1_32' title="bbox 0 0 1588 5002; baseline 0 2"><span class='ocrx_word' id='word_1_232' title='bbox 0 0 1588 5002; x_wconf 95' lang='lat' dir='ltr'> </span> 
     </span>
    </p>
   </div>
  </div>
 </body>
</html>
