3166 5002
614 557 771 652 'ar

195 771 296 845 εύὲιύς,
326 777 380 840 sed
412 776 510 840 etiam
532 774 573 867 'in
601 775 764 840 vocabulis
791 797 862 839 oum
891 775 922 834 εὖ
951 775 1138 855 compositis
1166 779 1315 856 (quorum

195 882 340 963 exempla
357 881 490 963 collegit
506 881 694 963 Blaydesius
712 883 758 946 ed.
776 881 986 963 Aristophan.
1006 881 1093 956 1886,
1112 881 1174 945 vol.
1186 879 1227 956 IL
1238 903 1314 963 pag.

194 987 286 1070 XIII)
307 989 503 1067 admiserint,
526 989 658 1052 eandem
675 1010 739 1052 non
758 1010 920 1052 recusasse
935 989 970 1051 in
987 993 1036 1046 ael
1057 987 1098 1046 εύ.
1121 987 1200 1063 Quis
1221 988 1315 1066 enim,

194 1101 230 1160 ut
251 1097 313 1160 hoc
333 1100 416 1169 utar,
438 1096 545 1159 credat
572 1098 661 1170 recte
686 1095 749 1158 dici
776 1097 932 1172 κεύταθκς,
961 1095 1015 1157 sed
1044 1094 1094 1152 κεύ
1123 1098 1224 1153 ταύεῖν
1253 1092 1315 1159 (1ίοί

193 1224 259 1265 non
287 1207 403 1283 posse?
431 1200 547 1265 Nonne
575 1200 677 1265 multo
709 1205 756 1265 est
782 1200 982 1282 probabilius
1004 1197 1089 1264 casui
1110 1201 1315 1265 tribuendum

196 1332 263 1374 esse
284 1311 368 1390 quod
388 1309 484 1374 hodie
506 1308 556 1366 κεῦ
577 1330 734 1389 nusquam
752 1311 930 1389 appareat?
949 1307 1107 1389 Equidem
1126 1310 1172 1374 sio
1190 1309 1314 1390 opinor,

194 1439 252 1481 neo
268 1417 296 1504 si
313 1417 394 1480 alius
415 1416 503 1479 locus
531 1416 641 1480 eodem
669 1414 809 1478 remedio
838 1437 939 1495 aeque
959 1414 1053 1479 facile
1074 1416 1236 1480 emendari
1256 1436 1315 1497 po·

193 1523 279 1602 terit,
311 1544 348 1587 eo
380 1523 427 1586 uti
459 1521 624 1587 dubItabo.
656 1521 852 1586 Sohuridtius
885 1521 981 1586 solita
1020 1523 1173 1587 violentia
1208 1522 1313 1587 locum

193 1633 356 1711 temptans
383 1633 484 1708 τύχην
509 1629 543 1692 in
572 1629 673 1692 altero
699 1649 800 1704 versu,
822 1628 903 1691 nihil
924 1629 988 1692 tale
1008 1629 1169 1706 meritum,
1190 1632 1314 1694 mutare

194 1739 323 1800 coaetus
344 1741 402 1800 est.

193 1949 246 2014 Fr.
268 1947 532 2014 DOLXXXVlll.

435 2058 499 2113 Ούκ
522 2056 584 2113 ἔστι
605 2063 700 2134 γῆρας
720 2063 778 2112 τῶν
799 2052 913 2134 σοφῶν,
934 2059 965 2111 έν
987 2055 1028 2118 οἷς
1049 2058 1062 2111 d
1083 2060 1149 2119 νοῦς

434 2155 522 2231 θεῖα
545 2163 723 2238 ξύνεστιν
744 2165 860 2239 ἡμέραν
882 2154 1096 2239 τεθραμμένος.

434 2260 586 2344 προμηθία
607 2272 664 2345 γαρ
687 2269 785 2346 κέρδος
807 2260 973 2345 ἀνθρώποις
993 2272 1082 2343 μέγα.

197 2406 199 2409 ·
233 2371 327 2438 Nihil
364 2371 482 2436 horum
512 2373 675 2454 intellego,
706 2395 764 2438 neo
795 2394 903 2436 versus
934 2371 1049 2435 tertius
1081 2371 1211 2434 omnino
1242 2391 1313 2434 oum

193 2481 325 2561 reliquis
342 2481 512 2545 cohaerere
531 2480 664 2557 videtur,
682 2482 736 2546 sed
750 2481 837 2544 aliud
851 2501 919 2543 esse
933 2477 1158 2559 fragmentum.
1178 2475 1314 2557 Reliqua

193 2587 398 2667 quantumvis
418 2587 541 2651 ineerta
562 2587 744 2651 coniectura
765 2587 810 2651 sio
830 2591 972 2669 tempto:

435 2695 499 2751 Ούκ
521 2694 583 2751 ἔστι
604 2701 699 2773 γῆρας
719 2703 777 2753 τῶν
798 2693 912 2775 σοφῶν,
934 2695 965 2751 ἒν
987 2693 1028 2758 οἷς
1049 2696 1062 2750 d
1084 2697 1150 2756 νοῦς

434 2794 644 2860 έσθλαῖσῖν
664 2806 771 2859 ἐστιν
792 2805 948 2879 ἡδοναῖς
968 2793 1183 2877 τεθραμμένος.

193 2908 229 2967 ut
255 2905 342 2969 dicat
369 2908 476 2988 poeta,
504 2928 569 2969 non
598 2928 671 2970 vere
698 2928 869 2983 senescere,
897 2908 951 2971 sed
979 2907 1019 2970 ad
1048 2910 1183 2968 mortem
1214 2927 1313 2986 usque

191 3010 255 3076 frui
281 3013 447 3080 iuventute
470 3011 641 3092 sapientes,
671 3033 807 3091 quorum
835 3035 923 3076 mens
951 3011 1075 3076 nutrita
1102 3003 1143 3075 sit
1168 3011 1313 3079 honestis

193 3119 371 3201 (cogitandi
398 3121 431 3182 et
458 3118 647 3198 meditandi)
674 3118 893 3202 voluptatibus
923 3119 1001 3200 (non
1029 3116 1178 3200 turpibus
1199 3117 1313 3184 debili·

191 3230 297 3292 tatum
317 3231 455 3308 corpus).
477 3224 619 3291 Videant
639 3227 704 3290 alii,
726 3225 812 3290 Nam
831 3226 933 3290 lenius
956 3225 1086 3306 requiro
1108 3224 1291 3289 remedium.

192 3436 244 3502 Fr.
265 3436 427 3502 DCCXIII
448 3441 537 3498 Ἀλλ’
560 3443 649 3519 οὑμὸς
669 3447 713 3500 aa
735 3447 846 3519 τύτμος
866 3446 896 3499 έν
909 3423 1019 3514 τυκνςύ
1041 3436 1115 3502 θεοῦ

452 3556 550 3626 τροχύ
572 3556 726 3607 κυκλεῖται
747 3554 796 3606 κα)
816 3553 1024 3627 μεταλλάσσει
1047 3546 1151 3628 Φύσιν,

453 3655 547 3732 ὥσπερ
568 3659 696 3733 σελήνης
716 3658 743 3713 δ’
765 3654 830 3728 ύύις
850 3653 980 3734 εύφρόνα
1004 3655 1054 3711 δύο

452 3766 538 3837 ςῆναι
559 3763 672 3819 δύναιτ’
696 3763 732 3818 δν
753 3762 851 3818 οὔποτ’
874 3764 904 3818 ἐν
925 3758 1030 3840 μορφῇ
1050 3769 1115 3838 μιρῖ,

452 3869 523 3925 αλλ’
544 3870 579 3945 ἐξ
596 3870 708 3945 ύδήλου
729 3875 842 3947 τρῦτον
861 3868 983 3946 ἔρχεται
1004 3872 1055 3924 νέα
1084 3907 1086 3911 .

452 3959 589 4053 τρύσυτα
611 3977 802 4033 καλλύνουσα
826 3978 874 4032 καὶ
897 3978 1094 4051 τλκρουμένιρ,
1129 4037 1132 4044 ,

451 4083 610 4160 χῶτανπερ
632 4084 726 4160 αὐτῆς
746 4082 1008 4158 εὐγενεστάτη
1031 4077 1125 4158 φανῇ,

451 4192 541 4246 πάλιν
562 4191 673 4267 διαρρεῖ
690 4193 761 4246 udal
783 4191 876 4267 μηδὲν
898 4189 1029 4266 ἔρχεται.
