3166 5002
797 519 824 616 'o

293 735 330 799 Iu
362 736 472 799 eodem
502 735 643 800 ¹oe'rmine
674 757 777 816 nuper
809 735 844 798 F.
877 735 928 800 W.
948 737 1141 826 [Scurrmrrus
1170 739 1300 821 egregie
1327 739 1372 804 sic

254 842 434 906 emendavit
454 865 482 906 v.
506 843 564 906 125
586 864 672 923 sqq.:

293 948 375 1030 φαμὶ
396 955 454 1029 γαρ
476 951 514 1008 οὔ
536 953 569 1008 τ’
592 953 746 1029 ατοτρύειιι
766 955 873 1009 ε’λτὶδα
893 957 949 1010 ται
971 947 1095 1028 αγαθοὶα

292 1063 413 1134 χρῆναι·
441 1058 528 1113 κάκ’
554 1058 733 1133 α’λλαατα
755 1061 813 1135 γαρ
836 1058 941 1133 οὑχ“ὁ
963 1061 1061 1116 ταντα
1083 1064 1208 1138 κραίνων
1228 1061 1372 1131 βασιλεὺς

292 1165 421 1232 ἐτέβαλε
442 1164 556 1226 θνατοῖς
576 1165 727 1241 Κροιιδας·
748 1167 818 1222 αλλ’
839 1168 885 1221 em
908 1171 992 1242 τῆμα
1014 1171 1063 1222 καὶ
1084 1171 1185 1245 χαραα

292 1275 363 1326 τοῖσι
386 1273 546 1325 αυκλοῠσια
568 1272 630 1325 αἰὲν
651 1271 759 1348 δι’ῥατου
781 1268 950 1350 στροφάδας
970 1266 1117 1332 κέλευθοι.

250 1397 311 1457 pro
333 1377 384 1433 οὐκ
404 1409 444 1419 --
465 1381 577 1454 χρῆναι
599 1379 637 1433 τ’·
659 1380 820 1455 ἀνάλγητα
840 1383 898 1456 γαρ
919 1379 980 1436 οὐδ’
1003 1385 1070 1436 κτλ.

291 1481 351 1546 Sed
374 1486 494 1546 temere
514 1482 597 1546 idem
621 1483 668 1545 vir
690 1483 803 1547 doctus
824 1483 954 1548 haerere
972 1484 1053 1547 mihi
1071 1485 1197 1549 videtur
1213 1485 1246 1549 in
1264 1509 1293 1550 v.
1313 1487 1370 1551 193

449 1591 502 1648 οὐκ
523 1592 662 1668 εὐμαρεὶα
684 1595 838 1669 χρώμενος
859 1595 999 1668 πολλῇ,
1020 1595 1118 1668 γύναι.

289 1693 415 1776 Nempe
434 1695 481 1762 ibi
503 1697 535 1754 οὑ
557 1697 649 1761 τολὺς
665 1695 776 1760 litotes
796 1695 991 1761 est·Graeois
1010 1697 1180 1762 admodum
1200 1698 1369 1763 familiaris

248 1824 308 1883 pro
339 1807 511 1878 ἐλάχιστος.
544 1801 622 1865 Cum
653 1806 761 1866 autem
792 1801 855 1867 hoo
882 1825 976 1866 versu
1005 1800 1147 1868 Nuntius
1175 1805 1370 1884 respondeat

249 1908 420 1973 Deianirae
447 1909 629 1990 quaestioni
659 1911 748 1975 αὐτὸς
768 1913 799 1967 δὲ
821 1916 881 1974 πῶς
901 1912 1041 1980 doenum
1062 1932 1265 1992 nequaquam
1288 1932 1368 1992 opus

248 2015 419 2081 Schmidtii
441 2017 623 2081 coniectura
643 2018 783 2096 εὐμαρεια
803 2052 843 2059 -
864 2019 1041 2094 σπουδῆς.
1064 2015 1212 2081 Ceterum
1233 2017 1270 2082 cf.
1290 2016 1369 2081 Phi·

247 2125 322 2188 lout.
343 2124 403 2187 284

448 2235 553 2290 τούτου
575 2234 606 2289 δὲ
628 2234 775 2309 πολλὴν
796 2232 1020 2309 εὐμάρειαν,
1042 2233 1063 2288 ὦ
1086 2235 1197 2290 τέκνον.

247 2444 362 2510 Trach.
384 2446 443 2510 280
465 2446 547 2525 ὕβριν
569 2452 627 2526 γαρ
649 2449 681 2505 οὐ
702 2453 858 2526 στέργουσι
880 2450 964 2507 οὐδὲ
986 2451 1132 2526 δαίμονες.

286 2552 475 2617 Rectissime
493 2555 559 2612 οὐδὲ
576 2553 748 2617 absurdum
766 2575 833 2617 esse
849 2553 882 2617 in
893 2555 951 2617 tali
962 2555 1366 2620 sententiaviditSchmid·

245 2661 319 2734 tine,
341 2681 442 2739 eaque
458 2659 530 2740 ipsa
549 2680 643 2723 eausa
660 2657 723 2722 fuit
740 2681 796 2722 our
814 2659 974 2740 quondam
991 2661 1061 2741 ipse
1078 2682 1204 2724 versum
1222 2662 1366 2745 spurium
1418 2705 1420 2710 -

247 2787 315 2830 esse
333 2765 521 2846 suspicarer.
543 2763 606 2829 Sed
624 2765 724 2828 nimia
741 2765 874 2829 molitur
892 2765 1123 2831 violentissime
1142 2767 1364 2833 substituendo

246 2875 383 2951 οὐδαμῶς
408 2866 481 2933 θεοί.
508 2871 587 2946 Quis
616 2872 700 2936 enim
728 2893 846 2952 quaeso
867 2871 1018 2936 librarius
1039 2895 1098 2954 pro
1119 2874 1197 2938 trito
1218 2875 1365 2940 omnibus

244 2979 400 3043 vocabulo
429 2978 517 3042 aliud
538 2982 606 3042 erat
627 2978 813 3059 positurus?
838 2977 1034 3060 sufficiebat,
1063 2981 1189 3063 opinor,
1216 3005 1276 3065 pro
1299 2987 1365 3044 οὐδὲ

245 3107 401 3165 reponere
430 3088 552 3154 οὐδὲν,
581 3085 600 3148 i.
625 3107 650 3149 e.
673 3088 817 3165 οὐδαμῶς,
839 3109 920 3168 quae
941 3110 1004 3152 vox
1025 3092 1140 3170 utpote
1162 3112 1179 3154 e
1201 3093 1364 3174 monosyl-
1391 3101 1392 3104 ’

246 3194 326 3257 labis
344 3192 494 3275 copulata
510 3214 575 3256 non
594 3193 779 3258 adversatur
796 3198 875 3257 noto
893 3193 1028 3259 Porsoni
1045 3201 1219 3278 praecepto
1230 3199 1363 3263 metrico

245 3305 276 3365 et
305 3301 345 3364 ab
371 3300 444 3381 ipso
469 3299 635 3383 excipitur.
657 3298 788 3364 Possem
809 3305 975 3381 praeterea
996 3323 1171 3382 provocare
1192 3305 1232 3368 ed
1255 3327 1364 3369 caesu-

243 3429 312 3469 ram
340 3406 643 3488 semiseptenariam
669 3407 696 3469 si
720 3405 780 3471 heu
801 3407 967 3472 obtinente
987 3431 1087 3492 pauso
1108 3432 1189 3493 opus
1208 3433 1274 3475 non
1295 3434 1363 3478 esse

243 3503 428 3595 plenissime
449 3512 529 3578 mihi
550 3516 721 3578 constaret.

243 3725 357 3791 Trach.
379 3727 437 3790 307
459 3729 480 3784 ὦ
502 3731 699 3799 δυστάλαινα,
721 3735 766 3795 τὶς
787 3735 851 3789 τοτ’
873 3734 900 3790 εἶ
918 3736 1074 3804 αεαοὶδωο;

453 3836 595 3914 Δίααιιδρος
617 3836 635 3912 ἢ
657 3841 837 3908 τεκούσας
859 3841 928 3917 τρὸς
947 3843 1003 3917 μὲν
1022 3845 1080 3918 γαρ
1102 3837 1196 3919 Φύσιν

453 3945 571 4000 ταατων
592 3943 707 4022 α’τειρος
727 3946 829 4013 rores,
850 3951 972 4020 γενναία
995 3950 1027 4005 δέ
1046 3967 1100 4011 τις.

452 4052 549 4126 Λίχα,
571 4056 649 4115 τινος
669 4054 733 4109 τοτ’
755 4056 836 4110 ἐστὶν
858 4057 874 4130 ἡ
897 4057 965 4131 ξένα
987 4058 1116 4133 βροτῶας

241 4153 343 4219 Locus
371 4159 420 4218 est
447 4156 617 4220 admodum
647 4157 826 4240 perplexus,
852 4181 910 4224 nec
936 4165 1065 4224 curatur
1092 4161 1262 4228 Schmidtii
1283 4185 1360 4228 con-
