3166 5002
742 524 782 590 23

202 711 297 777 t'acile
327 712 434 776 credet
465 711 644 793 quisquam.
676 709 756 775 Cum
784 716 892 776 autem
920 711 1032 776 eodem
1058 734 1122 794 quo
1152 720 1324 792 προσκυνεῖν

203 842 297 884 sensu
315 818 448 884 verbum
458 810 629 897 δεξιοῦσθαι
641 818 825 884 adhibuerit
838 818 1016 900 Aeschylus
1027 819 1143 901 Agam.
1155 820 1223 900 852,
1236 819 1322 884 haud
1411 862 1414 869 -

202 926 311 1009 inepte
331 925 519 1008 suspiceris:
1023 945 1027 967 =

402 1027 517 1112 θάρσει,
539 1038 681 1112 παρέστων
703 1037 798 1091 vaurd
821 1029 964 1114 (πῶνδέῗ)
986 1053 1030 1092 σον
1052 1038 1101 1091 aci
1123 1029 1282 1110 θιγγάνειν

404 1144 465 1197 κοί
486 1134 729 1218 δεξιοῦσθαι,
751 1140 836 1212 κᾷτ’
857 1142 1034 1218 ἐπεύξασθαι
1056 1145 1116 1199 art.

203 1353 340 1419 Philoct.
362 1355 421 1419 690
444 1363 504 1419 πῶς
525 1357 581 1434 ίίροι
604 1357 810 1434 πανδάκρυτον
833 1355 907 1412 οὕτω
928 1359 1033 1424 βιοποὲν
1055 1360 1266 1431 κωπέσχεν;

243 1459 363 1525 Iniuria
383 1459 548 1542 explicant
568 1461 790 1540 sustinuit,
813 1461 899 1542 quod
921 1460 1040 1525 Graece
1060 1460 1145 1524 foret
1166 1465 1322 1539 ηνέσχεπο,

203 1568 257 1631 red
288 1567 421 1631 verbum
450 1567 536 1631 valet
565 1566 760 1645 retinuit,
791 1567 811 1631 i.
833 1590 860 1632 e.
888 1569 939 1625 οὐκ
967 1571 1111 1638 νπέβοολε.
1140 1565 1321 1632 Sententia:

203 1674 271 1754 qui
297 1672 451 1738 factum
477 1678 521 1738 ut
547 1695 625 1738 non
653 1695 723 1738 sua
743 1673 823 1737 sibi
842 1657 959 1738 manu
979 1678 1148 1738 mortem
1169 1674 1323 1739 consci-

202 1779 331 1845 verit?
368 1779 474 1856 Quare
508 1802 572 1845 non
604 1780 783 1845 necessaria
813 1780 939 1845 videtur
969 1779 1110 1845 Nauckii
1140 1780 1323 1845 coniectura

202 1894 324 1947 ἀνέπλω.

202 2100 341 2167 Philoct.
364 2103 422 2167 715
445 2107 475 2168 ὃς
495 2106 567 2182 μηδ’
590 2106 745 2180 οίνοχύπου
769 2109 908 2181 πώμοοπος
931 2104 1004 2182 ἥσθη
1026 2105 1136 2161 δεκέτει
1158 2111 1266 2182 χρόνῳ,

442 2212 616 2268 λεύσσων
638 2213 664 2268 δ’
686 2213 715 2268 εί
733 2230 787 2268 πον
808 2215 892 2289 γνοίη
916 2213 1058 2268 crarta
1079 2216 1120 2275 είς
1142 2210 1216 2289 ὕδωρ

441 2322 486 2375 det
508 2322 691 2397 προσενώμοο.

243 2422 458 2489 Gleditschius
481 2424 559 2492 benc
579 2423 771 2506 intellegens
793 2423 872 2488 haec
892 2446 970 2488 sana
988 2446 1057 2488 esse
1075 2447 1140 2489 non
1159 2446 1254 2506 posse
1273 2425 1324 2490 vel

201 2534 337 2614 propter
367 2535 652 2596 commemoratum
682 2532 714 2595 in
743 2530 870 2596 fabulae
897 2530 1057 2613 principio
1085 2529 1208 2596 fontem
1230 2536 1323 2598 antro

202 2636 402 2703 Philoctetae
422 2638 562 2702 vicinum
582 2638 702 2721 partim
722 2642 896 2721 praeeunte
917 2638 1081 2704 Schultzio
1104 2638 1256 2704 coniecit:

402 2748 536 2804 λεύσσων
558 2749 584 2804 δ’
606 2749 635 2804 εί
652 2767 706 2805 που
726 2752 810 2825 γνοίη
834 2751 996 2822 σπονγόν’
1017 2750 1176 2813 είςοδών.

201 2854 343 2927 Σνωγίννι
364 2851 443 2933 quin
462 2857 549 2916 recte
570 2850 753 2917 Schultaius
774 2854 955 2935 suspicatus
977 2855 1104 2920 sitnon
1124 2854 1247 2934 dubito,
1269 2855 1324 2920 sed

202 2961 317 3017 είσιδών
338 2959 429 3037 ualde
450 2959 605 3043 displicet,
627 2959 842 3039 Probabilius‚
863 2961 897 3025 ni
917 2960 1021 3040 fallor,
1043 2961 1262 3043 rescripseris:

403 3070 543 3125 λευκὸν
565 3069 601 3135 δ’,
623 3070 651 3125 εί
669 3086 724 3125 πον
745 3072 828 3145 γνοίη
852 3072 1023 3143 σποογίν’,
1045 3074 1087 3133 είς
1108 3068 1182 3147 ὕδωρ

402 3178 446 3230 οίεί
470 3179 653 3253 προσενώροο.

202 3278 253 3343 vel
272 3280 382 3361 potius
403 3285 447 3338 det
470 3283 553 3338 πόδ’
575 3285 699 3359 ἐνώμα
721 3302 793 3344 cum
815 3279 1038 3345 Wakefieldio.

242 3389 357 3446 Λευκὸν
379 3387 453 3466 ὕδωρ
474 3386 580 3469 poetis
601 3387 756 3451 usitatum
777 3409 845 3452 esse
865 3388 997 3470 ignorat
1016 3410 1119 3452 neme.

242 3492 302 3558 His
323 3493 469 3559 versibus
489 3493 523 3557 in
544 3493 749 3577 antistropha
770 3494 966 3576 respondent
986 3493 1074 3558 hice:

322 3600 381 3665 726
403 3605 571 3682 Σπερχειοῦ
591 3623 623 3660 πε
646 3608 713 3681 παρ’
737 3596 848 3678 ὄχθοις,
870 3604 906 3658 ίν’
929 3606 940 3659 ί
959 3606 1137 3678 χάλκασπις
1153 3606 1226 3682 οὶνηρ
1244 3597 1325 3667 θεοῖς

404 3712 508 3769 πλοίίεο
530 3717 662 3777 ποίσιν,
683 3704 755 3786 θείῳ
778 3712 844 3787 πυρί
866 3705 1018 3787 πορφοοης

403 3820 497 3882 Οίποος
519 3819 588 3896 ὑπὲρ
610 3810 726 3893 ὄχθων.

241 3921 278 3987 In
307 3932 407 3993 raca,
432 3924 517 4003 quod
538 3922 648 4005 inepte
669 3921 820 4002 abundat,
842 3921 965 4003 primus
985 3921 1090 3987 haesit
1110 3921 1322 4002 Hermannus

202 4032 257 4096 sed
286 4031 470 4096 coniectura
498 4030 565 4096 cius
587 4025 656 4096 θεὸς
677 4029 695 4113 ΙΙ
717 4032 820 4090 πλάθει
842 4025 992 4090 θεοῖσιν
1014 4050 1032 4092 a
1059 4028 1191 4093 lenitate
1218 4029 1323 4093 minus

202 4137 452 4202 commendatur.
474 4137 632 4218 Equidem
649 4137 794 4220 suspicor
812 4139 923 4205 ΠΑΣΙ,
941 4136 987 4200 sic
1005 4137 1090 4200 enim
1107 4135 1192 4216 libri,
1209 4135 1323 4200 leviter
