3166 5002
748 572 788 635 29

204 782 263 824 usu
280 759 425 824 adhiberi
446 760 554 841 potuit
570 781 629 842 pro
648 763 719 838 δθξοι
739 766 845 840 θρετνς
863 782 886 823 s.
909 759 1101 842 gloriam,
1118 782 1221 841 neque
1239 760 1328 826 uliud

203 867 342 933 voluisse
363 867 478 931 horum
498 889 644 932 versuum
663 860 824 932 auctorem
843 870 979 948 apparet
996 889 1012 931 e
1029 889 1057 931 v.
1077 867 1327 934 manselaria

204 979 278 1039 sunt
293 974 454 1056 quibusin
465 973 608 1038 hocloco
619 975 687 1038 iure
700 973 881 1038 offendaris.
894 972 1036 1037 Primum
1050 974 1144 1053 enim,
1156 974 1241 1055 quod
1253 997 1328 1058 gra-

203 1083 368 1148 vissimum
397 1085 455 1160 est,
485 1079 637 1146 Hercules
666 1103 747 1161 quae
773 1103 803 1145 v.
828 1081 906 1144 1418
927 1102 961 1144 se
981 1079 1141 1144 facturum
1161 1081 1327 1162 pollicitus

204 1195 262 1270 est,
288 1212 354 1254 non
382 1189 560 1269 exequitur,
588 1210 692 1268 neque
719 1188 905 1270 proficimus
932 1187 1035 1252 hilum
1064 1209 1135 1252 cum
1157 1187 1326 1252 Diudorlio

203 1301 259 1360 aut
279 1295 421 1377 Bergkio
442 1317 501 1378 pro
524 1299 600 1373 λέξω
624 1294 812 1377 corrigendo
834 1300 914 1371 λέγω
936 1293 986 1358 vel
1006 1297 1101 1371 δείξω,
1119 1293 1233 1359 deinde
1251 1316 1326 1360 vero

203 1407 326 1482 στοίβθς
353 1404 491 1486 speciem
517 1403 673 1484 praebent
701 1402 797 1467 verba
825 1401 1023 1466 subabsurda
1050 1407 1087 1467 ὡς
1109 1405 1227 1481 πάρεσθ’
1249 1407 1326 1482 θροτν.

199 1511 270 1574 'Aut
290 1510 392 1593 igitur
412 1511 518 1589 fallor,
541 1515 596 1574 aut
618 1510 714 1574 verba
736 1507 844 1590 (1418)
863 1515 912 1568 acl
931 1517 1081 1587 πρῶπο-
1094 1507 1201 1590 (1422)
1220 1505 1326 1570 θέσθαι

202 1620 267 1686 βίον
293 1615 447 1698 Sophocli
469 1616 680 1681 abiudicanda
701 1620 786 1696 sunt,
807 1615 922 1696 hisque
943 1615 1055 1680 deletis
1076 1638 1104 1680 v.
1126 1616 1205 1678 1423
1226 1615 1326 1680 corri-

204 1724 361 1806 gendum:
417 1758 419 1761 v
472 1799 473 1802 Ἴ

483 1825 583 1892 ἐλθὼν
604 1833 648 1889 σὺ
669 1832 723 1889 σὺν
745 1832 814 1906 τῷδ’
837 1833 918 1910 θνδρὶ
941 1836 1002 1889 ari.

202 2016 340 2082 Philoet.
362 2018 438 2083 1431
460 2022 479 2076 u
502 2022 529 2076 δ’
550 2021 586 2077 ctu
607 2024 706 2099 λθβρς
728 2022 764 2078 σὺ
786 2025 883 2079 σκῦλον
905 2023 1016 2078 τοῦδε
1037 2028 1101 2079 τοῦ
1122 2025 1261 2099 στρατοῦ,

461 2129 553 2203 τόξων
575 2131 653 2205 ἐμῶν
674 2135 806 2206 μνημεῖα
829 2130 897 2207 πρὸς
918 2132 1012 2207 τυρθν
1033 2131 1108 2206 ἐμὴν

463 2235 573 2310 κόμιζε.

242 2337 432 2402 Postulante
469 2338 629 2404 sententia
665 2339 926 2405 Schneidewinus
963 2341 1100 2406 coniecit
1139 2346 1193 2399 τοῦ
1233 2343 1324 2418 δῄου

202 2449 340 2523 στρατοῦ,
357 2444 413 2509 sed
430 2445 549 2510 erravit
566 2446 598 2508 in
618 2445 731 2511 forma.
750 2445 936 2528 Numquam
954 2449 1038 2513 enim
1051 2447 1194 2532 tragicos
1207 2447 1324 2512 dixisse

202 2552 282 2627 δθοος
306 2572 329 2614 s.
352 2554 420 2630 δῇος
441 2552 496 2616 sed
518 2555 599 2618 δθιος
620 2575 643 2617 s.
666 2558 745 2626 δρῑος,
766 2561 802 2619 ut
823 2561 903 2622 νθοος
923 2561 955 2620 et
976 2566 1054 2628 νρῐος,
1075 2578 1149 2620 vere
1173 2555 1324 2620 observa·

200 2659 270 2719 tum
298 2659 355 2720 est.
385 2656 498 2722 Potius
525 2664 633 2724 autem
660 2661 842 2743 scripserim
864 2666 972 2721 δσθου
993 2670 1122 2742 στρατοῦ
1142 2684 1237 2743 quam
1260 2669 1325 2721 τοῦ

202 2764 293 2833 δθίνν
324 2769 461 2844 στρατοῦ,
493 2767 673 2847 cumquia
704 2767 766 2832 hoc
798 2769 902 2833 minus
932 2791 1137 2834 numerosum
1168 2773 1226 2847 est,
1254 2773 1322 2831 tum

200 2872 374 2951 propterea
398 2871 484 2951 quod
505 2877 620 2953 poetae
641 2875 837 2957 praeferunt,
856 2877 912 2941 ubi
930 2881 1066 2941 metrum
1085 2875 1239 2956 admittit,
1256 2875 1323 2939 for·
1366 2907 1371 2920 ·

201 2997 287 3040 mam
304 2977 517 3058 trisyllabum.

200 3149 331 3215 Euucuu.
356 3151 411 3215 197
434 3155 518 3219 δόλος
538 3156 574 3233 ἦν
596 3159 608 3213 θ
631 3155 761 3237 φράσας,
783 3157 844 3236 ἔρος
864 3161 877 3215 θ
900 3163 1027 3226 κτείνεις,

432 3262 530 3319 δεονοὶν
552 3265 653 3327 δεινῶς
668 3262 934 3345 προφυτεύσαντες

430 3366 600 3448 μορφάν,
622 3374 684 3429 κτέ.

240 3468 430 3537 Incredibile
458 3495 528 3538 curn
554 3475 596 3538 sit
616 3475 738 3556 μορφάν
758 3479 842 3542 nude
863 3479 1005 3559 positum
1026 3478 1208 3561 significare
1228 3459 1322 3564 posse

199 3575 370 3642 formam
407 3580 596 3662 sceleris,
633 3582 821 3664 Blaydesius
859 3585 995 3650 coniecit
1033 3591 1196 3657 βουλάν.
1240 3587 1322 3652 Mihi

198 3681 304 3763 hodie,
333 3690 370 3751 ut
397 3677 715 3769 olim,'pr0babilius
743 3691 868 3756 videtur
894 3698 1037 3764 λωβθν,
1065 3694 1085 3758 i.
1109 3718 1135 3759 e.
1162 3717 1321 3775 noxam,

199 3791 440 3871 perniciem,
458 3816 532 3880 ¹quo
561 3796 717 3862 vocabulo
741 3820 837 3879 saepe
867 3820 943 3863 usus
975 3805 1024 3864 est
1054 3799 1241 3882 Sophocles.
1273 3799 1322 3865 De

198 3898 452 3980 transpositione
472 3923 587 3966 vocum
608 3907 693 3971 δόλος
713 3909 746 3970 et
767 3907 828 3985 θ’ρος
848 3905 918 3972 vide
939 3908 979 3973 ad
1000 3907 1149 3973 Trachin,
1173 3908 1210 3972 18
1230 3930 1301 3990 sqq.

199 4071 302 4137 Elect.
324 4074 381 4137 217
405 4077 481 4134 πολὺ
503 4082 560 4156 γάρ
582 4098 610 4135 τι
632 4087 732 4137 κακῶν
755 4081 942 4159 ὑπερεκτήσω

400 4191 440 4254 uqi
461 4185 599 4264 δυσθύμῳ
621 4190 753 4244 τὶκτουσ’
775 4191 819 4244 del
