3166 5002
822 541 865 608 58·

277 751 331 793 rae
349 728 429 792 mihi
447 729 574 809 quidem
593 725 805 806 satisfaciunt,
822 727 884 790 nisi
902 728 989 807 quod
1007 731 1094 793 certa
1106 727 1233 794 uidetur
1244 727 1404 793 Dindorfii

277 833 433 899 correctio
461 837 549 893 τόντ’
576 856 636 916 pro
664 839 759 892 τοῦτ’.
787 832 822 898 Si
849 833 926 913 quid
954 833 988 897 in
1015 835 1157 898 tenebris
1184 835 1264 900 adeo
1293 834 1404 916 spissis

276 941 416 1023 perspici
438 945 554 1022 potest,
583 943 693 1023 agitur
718 940 757 1004 de
785 940 881 1004 sortis
907 939 1065 1005 humanae
1087 941 1318 1019 vicissitudine,
1339 963 1404 1022 qua

276 1049 341 1113 alia
361 1049 583 1131 deprimantur
603 1053 635 1111 et
656 1047 812 1126 occidant,
834 1046 896 1110 alia
914 1047 1070 1111 tollantur
1090 1051 1123 1111 et
1140 1050 1292 1111 crescant.
1315 1045 1403 1122 Quo-

277 1154 361 1219 circa
385 1154 490 1219 locum
511 1154 747 1219 conclamatum
768 1153 813 1217 sic
833 1153 969 1235 tempta,
991 1157 1027 1216 ut
1049 1153 1220 1219 coniciam:

478 1267 568 1341 όρῶν
589 1264 702 1320 τόντ’
725 1266 769 1318 del
791 1265 898 1339 χρόνος
919 1261 1075 1319 ἔκλινεν
1097 1263 1192 1341 ἕτεροι,

477 1375 521 1428 τό
543 1371 575 1428 δ’
598 1372 731 1448 ἐξῆρεν
753 1367 860 1433 αὖθις
880 1368 978 1445 τόξων
1000 1371 1070 1426 aaa.

277 1476 323 1541 Of.
351 1475 428 1541 Oed.
456 1477 536 1560 Reg,
565 1478 644 1541 1213
672 1482 685 1535 ό
714 1478 823 1534 τόνδ’
852 1480 942 1555 όρῶν
970 1481 1077 1555 χρόνος
1104 1481 1135 1570 et
1164 1477 1253 1542 Aiac.
1282 1478 1337 1543 131
1366 1484 1404 1546 ὡς

277 1587 370 1662 ἡμέρα
392 1588 516 1642 κλίνει
535 1604 573 1642 τε
593 1588 753 1659 κόνιόγει
773 1587 864 1640 τόλιν
882 1585 1002 1640 ότιοντοι
1022 1576 1221 1661 τόνθρώτειιι,
1239 1587 1272 1648 et
1286 1583 1343 1648 647
1355 1606 1402 1664 sq.

277 1767 354 1835 Oed.
376 1768 443 1834 001.
467 1768 545 1832 1466

397 1876 511 1952 ἔττιρξοι
533 1868 642 1950 θυμόν·
664 1873 820 1953 οὐρανός
841 1880 899 1954 γοδρ
920 1862 1058 1954 ιόστροιτὴ
1082 1874 1192 1956 φλέγει
1216 1880 1317 1934 τόλιν.

316 1981 452 2046 Prorsus
472 1981 669 2046 incredibilis
691 1985 740 2045 est
762 2003 859 2062 quam
878 1980 1064 2046 Dindorfius
1081 2004 1287 2052 numerorum
1306 2003 1403 2048 causa

276 2091 381 2156 textui
402 2089 514 2154 intulit
535 2088 673 2154 formam
694 2093 803 2169 tpavla.
825 2088 984 2170 Equidem
1002 2089 1160 2172 corrigam
1180 2092 1307 2168 οόλιοι,
1325 2113 1402 2172 pro-

276 2197 349 2264 clivi
371 2219 479 2263 errore
498 2195 668 2262 confusum
689 2219 760 2261 curn
783 2199 874 2274 οὐνιιι,
895 2195 916 2259 i.
938 2218 964 2260 e.
986 2198 1113 2277 οόρονὶοι.
1136 2195 1182 2260 Cf.
1206 2195 1295 2262 Aiac.
1313 2197 1381 2263 933.

278 2384 355 2452 Oed.
377 2384 444 2451 Col.
466 2387 546 2452 1534
568 2387 687 2463 χοῦτως
708 2388 799 2464 όδῇον
820 2387 904 2463 τόνδ’
925 2390 1085 2464 ἐνοικήσεις
1105 2390 1191 2444 τόλιν

568 2500 707 2573 στορτῶν
728 2498 792 2550 ότ’
813 2495 936 2572 ἀνδρῶν.

317 2599 398 2677 Quia
419 2605 510 2680 όδῇος
529 2583 697 2682 εἱςηὶῐῑοοό
712 2603 745 2660 οὐ
767 2604 957 2679 δεδῃωμένος,
979 2601 1156 2666 necessario
1178 2599 1402 2682 corrigendum

277 2717 416 2788 σπαρτῶν
438 2711 499 2768 ὑπ’
519 2713 641 2788 όνδρον.
664 2707 856 2788 Plerumque
878 2707 1036 2772 adiectiva
1055 2708 1204 2773 similiter
1223 2708 1403 2791 composita

275 2815 453 2898 iunguntur
474 2838 547 2880 cum
566 2817 652 2880 nudo
670 2814 832 2898 genetivo,
853 2815 938 2880 velut
955 2815 1068 2902 Antig.
1088 2817 1147 2882 848
1167 2816 1268 2898 φίλων
1286 2821 1401 2876 datav-

275 2943 334 2999 τος,
357 2944 439 3004 quae
460 2927 621 2990 structura
641 2923 695 2988 hic
717 2927 819 2986 metro
841 2921 1080 2988 excludebatur.

277 3108 354 3174 Oed.
375 3109 442 3174 Col.
465 3111 543 3176 1653
565 3111 665 3170 ότειτο
687 3118 820 3191 μέντοι
842 3114 928 3182 βοιόν
950 3116 1015 3174 οὐδὲ
1036 3112 1090 3169 σὺν
1112 3116 1209 3190 χρόνῳ

564 3222 673 3297 όρῶριεν
695 3220 784 3278 αὐτὸν
805 3227 864 3297 γῆν
885 3241 917 3278 τε
938 3213 1152 3301 τροσκννοῠνθ’
1174 3222 1238 3295 Epa
1260 3223 1320 3277 κτέ.

316 3320 417 3386 Valde
444 3327 628 3405 suspectum
656 3325 761 3390 habeo
783 3329 869 3396 βοιόν
890 3325 1010 3390 dictum
1031 3347 1091 3408 pro
1112 3329 1190 3404 ρετό
1210 3330 1323 3405 μικρόν,
1342 3346 1401 3390 nec

277 3431 377 3490 ἔτειτο
397 3434 483 3502 βοιόν
505 3431 567 3496 dici
587 3431 732 3514 potuisse
754 3431 879 3497 videtur
900 3454 959 3514 pro
982 3435 1014 3493 οό
1036 3433 1112 3491 πολὺ
1134 3432 1262 3511 ὕστερον,
1282 3436 1320 3496 ut
1341 3454 1401 3513 pu·

277 3539 359 3600 tant.
379 3535 563 3619 tegendum
584 3538 746 3619 suspicor:

556 3646 665 3703 ότειτο
687 3648 725 3704 δὲ
747 3652 844 3724 ρετιδ
866 3648 951 3717 aaran
973 3650 1034 3705 κτέ.

280 3829 356 3896 Oed·
377 3829 445 3897 Col.
467 3831 545 3896 1673
566 3835 651 3891 ὥτινε
672 3837 722 3891 τὸν
743 3834 837 3891 τολὺν

563 3942 750 4016 όλλοτεριόν
771 3944 858 3998 τόνον
879 3941 1005 4018 ἔροτεδον
1026 3942 1158 4017 εἴχομεν,

564 4051 595 4104 ἐν
617 4051 745 4125 τνρότῳ
767 4047 793 4104 δ’
815 4051 1007 4124 ἀλόγιστοι
1029 4051 1260 4125 τοροόσορεν

563 4155 658 4211 ἰδόντε
679 4157 728 4211 acl
751 4155 885 4214 τοιόόντε.
