3166 5002
738 509 912 626 ,ro'

244 732 385 798 Invaluit
404 733 500 798 hodie
520 755 590 798 mos
617 733 775 798 scribendi
796 741 875 792 ποεῖν
897 733 965 798 sine
987 733 1202 816 diphthongo,
1220 732 1367 797 ubicum-

245 862 306 920 que
328 846 464 903 metrum
486 840 716 930 paenultimam
741 841 868 904 brevem
889 839 1040 920 postulet,
1061 861 1165 920 neque
1192 861 1262 904 eam
1290 862 1367 905 con·

195 1015 198 1018 ,
244 947 443 1011 suetudinem
465 946 631 1028 impugno,
651 946 727 1026 quia
745 945 830 1009 bona
847 949 953 1010 aetate
970 947 1074 1010 forma
1092 946 1161 1010 sine
1178 946 1248 1011 iota
1264 967 1367 1028 paene

245 1057 430 1119 constanter
457 1053 490 1117 in
521 1052 626 1116 titulis
663 1052 831 1133 reperitur,
862 1052 938 1116 licet
969 1053 1072 1133 (quod
1100 1051 1364 1136 inscriptionibus

244 1162 435 1244 quibusdam
467 1160 607 1226 metricis
634 1159 847 1224 demonstrari
875 1158 999 1240 potest)
1028 1159 1091 1241 ipsi
1120 1167 1242 1224 veteres
1264 1159 1367 1223 Athe·

244 1269 371 1333 nienses
398 1267 520 1331 nullum
544 1266 745 1331 observarint
764 1266 798 1329 in
819 1266 953 1330 metrico
976 1265 1146 1348 utriusque.
1163 1266 1286 1330 formae
1305 1287 1366 1330 usu

244 1375 422 1438 discrimen.
443 1372 598 1437 Attamen
612 1372 680 1436 ¹hoc
698 1394 822 1436 summa
840 1373 1023 1436 constantia
1040 1373 1260 1452 observarunt,
1280 1373 1367 1454 quod

171 1506 174 1510 ·
244 1505 263 1546 a
289 1480 434 1546 Meklero
459 1480 643 1562 neglectum
665 1479 768 1557 video,
782 1493 825 1544 'v.·
838 1501 864 1543 c.
885 1478 975 1543 Aiac.
1000 1479 1090 1556 1395,
1108 1479 1163 1542 ubi
1185 1488 1244 1538 noo
1266 1479 1367 1544 edidit

244 1612 303 1673 pro
331 1597 411 1659 roco,
438 1592 476 1652 ut
501 1587 598 1652 verbo
623 1609 798 1668 numquam
819 1586 969 1652 vocalem
983 1586 1126 1650 eximant
1147 1592 1221 1650 ante
1243 1587 1365 1652 vocales

245 1702 277 1762 et
298 1697 520 1778 diphthongos
542 1717 564 1764 o,
588 1715 619 1764 ω,
640 1706 683 1764 ου,·
705 1715 739 1753 οι.
760 1693 839 1757 Rem
862 1694 1107 1774 diligentissime
1130 1693 1270 1758 ostendit
1288 1693 1366 1757 Mar-

244 1826 391 1869 srunurus
417 1803 450 1866 in
477 1802 648 1866 utilissimo
675 1801 793 1875 libello,
821 1801 876 1881 qui
896 1801 1083 1864 inscribitur
1114 1798 1366 1864 Grammatik

169 1958 171 1962 ι
242 1913 314 1976 der
332 1911 554 1975 Attischen
575 1908 848 1986 Inschriften,
869 1932 943 1991 pag.
962 1909 1011 1986 27,
1031 1909 1116 1972 unde
1136 1908 1206 1989 ipse
1227 1909 1365 1992 primum

244 2019 389 2084 intellexi
415 2040 466 2082 me
493 2018 699 2100 Excerpta
726 2039 743 2081 e
769 2017 907 2098 poetis
936 2014 1105 2081 Graecis
1131 2017 1249 2081 iterum
1270 2017 1365 2081 eden-

245 2131 310 2191 tem
330 2125 478 2190 similiter
500 2137 630 2188 errasse.
951 2136 955 2142 ·
