3166 5002
751 559 788 624 51

209 740 286 808 Oed.
308 741 374 809 Col.
395 745 454 809 361
478 750 537 821 ἐγὼ
558 751 596 803 τά
617 751 672 825 μὲν
694 741 850 824 rotatae&
872 748 993 815 άπαόον,
1016 751 1116 827 πάτερ,

479 855 607 930 ζητοῦσα
628 857 684 931 την
704 857 760 932 σην
781 859 850 912 τοῦ
869 859 1092 932 κατοικοὶης
1112 852 1276 934 τροφην,

479 963 592 1039 παρεῖσ’
613 965 701 1020 ἐάσω.

249 1064 312 1129 Our
332 1069 482 1147 suspecta
503 1066 583 1131 mihi
603 1067 646 1131 sit
667 1066 827 1147 scriptura
849 1090 877 1132 v.
897 1068 957 1132 362
978 1068 1056 1133 satis
1078 1068 1212 1149 exposui
1236 1066 1330 1131 Ver-

209 1172 351 1253 slagen
380 1194 455 1254 pag.
485 1174 522 1237 17
549 1195 607 1254 sq„
634 1174 689 1238 ubi
716 1175 916 1256 temptabam
946 1178 1073 1253 ζητοῦσα
1095 1177 1150 1252 την
1172 1178 1237 1252 σην,
1265 1181 1332 1235 ποῦ

210 1291 350 1360 κυροῐς,
378 1279 617 1361 ἐπιστροφην
643 1280 710 1362 sire
738 1280 942 1362 άναστροφην.
963 1279 1068 1345 Hodie
1088 1284 1197 1345 tamen
1218 1280 1330 1344 dubito

209 1409 250 1451 an
280 1387 391 1470 inepta
420 1387 580 1452 scribendi
606 1387 689 1452 ratio
718 1389 836 1470 prodat
860 1411 988 1452 manum
1016 1388 1271 1471 interpolatoria
1296 1392 1332 1452 et

209 1492 323 1558 lubens
345 1516 472 1558 versum
492 1487 639 1558 inutilem
662 1495 880 1576 expunxerim.
1000 1523 1002 1528 ·

209 1706 454 1773 Oed.001.374
475 1715 524 1786 χώ
545 1714 601 1788 μὲν
622 1713 763 1788 νεάζων
785 1713 845 1768 καὶ
868 1715 965 1790 χρόνῳ
986 1715 1077 1789 μεὶων
1098 1715 1191 1786 ῳενὼς

475 1820 525 1875 τὸν
547 1819 651 1896 πρόσθε
670 1812 855 1895 γεννηθέντα
878 1819 1040 1896 Πολυνείκη
1062 1812 1175 1897 θρόνων

221 1997 223 2001 ¹
414 1979 415 1984 ,
475 1929 689 2004 άποστερόσκει,
712 1927 919 2002 κάξεληλααεν
941 1929 1064 2003 πάτρας.

250 2027 405 2110 Suspecta
422 2051 486 2094 non
504 2030 600 2095 modo
618 2034 667 2094 est
685 2029 766 2094 mihi
783 2029 979 2096 abundantia
993 2035 1102 2110 νεάζων
1114 2037 1163 2089 καὶ
1175 2067 1210 2075 -
1225 2034 1332 2108 γεγὼς,

209 2135 272 2213 sed,
301 2137 387 2217 quod
414 2137 554 2218 gravius,
581 2138 672 2203 notio
694 2141 813 2215 νεάζων,
833 2137 854 2202 i.
877 2160 902 2202 e.
924 2144 987 2203 νέος
1008 2141 1057 2206 ὥν,
1078 2161 1143 2203 non
1165 2142 1252 2203 recte
1273 2161 1332 2220 op·

209 2243 336 2326 poniter
364 2249 404 2324 τῷ
430 2249 625 2325 πρεσβυτέρῳ,
648 2245 703 2309 sed
725 2253 765 2303 τῶ
786 2251 911 2324 γέροντι,
932 2266 1003 2310 cum
1025 2250 1134 2310 tamen
1154 2245 1332 2328 Polynicen

209 2353 242 2414 et
263 2350 368 2432 ipsum
390 2351 536 2417 iuvenem
558 2350 657 2416 fuisse
677 2351 823 2416 sciamus.
846 2350 971 2417 Collato
992 2351 1064 2417 loco
1085 2353 1163 2416 1295
1181 2374 1228 2432 sq.
1246 2351 1332 2415 houd

98 2513 100 2518 .
209 2455 318 2539 inepte
354 2456 492 2523 fortasse
529 2457 699 2539 suspiceris
737 2456 796 2521 sub
826 2459 945 2535 νεάζων,
982 2456 1082 2522 latere
1123 2461 1332 2536 τεχνάζων.

209 2560 261 2626 lto
279 2563 400 2646 possis:

369 2676 418 2747 χώ
441 2675 496 2748 μάν
518 2672 735 2748 τεχνάζων,
759 2674 803 2734 ὡς
823 2673 921 2749 χρόνῳ
943 2675 1034 2748 μείων
1054 2675 1161 2746 γεγώς,

211 2775 261 2840 vel
283 2777 389 2840 minus
410 2780 503 2858 grata
523 2799 663 2852 caesura,
684 2777 774 2841 ouius
795 2780 903 2841 tamen
923 2776 1086 2857 permulto
1106 2776 1190 2860 apud
1207 2774 1333 2860 Sopho·

210 2882 290 2948 olem
314 2886 501 2964 ceterosque
522 2883 665 2966 tragicos
687 2883 891 2965 reperiuntur
911 2882 1072 2964 exempla:
1112 2973 1114 2977 ,

371 2994 420 3066 χώ
441 2994 497 3067 μὲν
518 3010 558 3048 τε
565 2995 778 3068 χνώμενος,
798 2999 897 3068 χρόνῳ
917 2995 1008 3068 μεόων
1030 2994 1138 3065 γεγώς,
1158 2993 1220 3047 art.

212 3116 274 3175 qua
295 3093 384 3159 verbi
404 3094 508 3159 forma
529 3099 639 3160 noster
660 3094 737 3159 alibi
757 3096 805 3159 uti
826 3096 919 3160 solet.
941 3094 988 3160 ef.
1009 3094 1168 3176 imprimis
1190 3094 1274 3159 Phil.
1295 3096 1335 3160 80

211 3206 244 3266 et
262 3201 375 3288 Antig.
396 3203 465 3266 494.
487 3202 633 3268 Priorem
653 3206 761 3267 tamen
780 3202 997 3266 coniecturam
1014 3205 1051 3264 ut
1067 3200 1223 3265 leniorem
1241 3224 1333 3284 prae·

210 3307 289 3373 fero.
319 3307 501 3374 Sententia:
528 3309 647 3374 Alter
674 3309 718 3373 od
746 3309 871 3374 malas
900 3313 1028 3387 artes,
1056 3307 1208 3392 quippe
1235 3311 1333 3371 natu

211 3413 343 3478 minor
372 3413 496 3496 (itaque
517 3437 617 3496 regno
639 3415 807 3496 exclusus),
836 3415 1081 3497 confugiens
1109 3416 1183 3478 oett.

211 3627 288 3695 Oed.
309 3629 375 3696 Gol.
396 3631 456 3696 392
478 3636 508 3690 έν
530 3638 574 3690 σοὶ
596 3637 633 3692 τά
657 3638 759 3691 κεάνων
781 3631 878 3713 φασὶ
899 3633 1054 3708 γίγνεσθαι
1076 3636 1179 3710 κράτη.

249 3737 356 3820 Magis
383 3738 587 3822 perspicuum
616 3761 684 3804 esse
712 3738 973 3820 Φησ1,εο11.τά
995 3740 1203 3816 μαντεύματα,
1225 3735 1335 3800 obser-

211 3842 326 3908 vabam
346 3842 593 3926 Verslagen,
613 3868 646 3927 p.
669 3845 716 3910 17.

211 4055 288 4121 Oed.
310 4054 377 4121 00].
397 4057 467 4121 401.
489 4053 566 4120 Oed.
588 4061 604 4135 η
627 4059 653 4114 δ’
675 4055 830 4137 ὠφέλησις
851 4063 896 4124 τός
915 4051 1025 4136 θύρασι
1046 4060 1197 4134 κειμένους

488 4162 559 4227 Inn.
584 4169 721 4230 κεόνοος
742 4170 755 4223 ό
777 4168 914 4243 τύμβος
935 4167 1097 4241 δυστυχῶν
1116 4169 1129 4222 ό
1151 4167 1210 4229 σός
1231 4165 1355 4243 βαρύς..
