3166 5002
750 573 788 638 75

419 764 499 830 τῶδ’,
521 754 596 820 ἔνθα
617 763 732 840 βροτοῖς
752 763 802 818 τὸν
823 764 1002 837 ἀείμνηστον
1096 734 1099 744 ”

420 866 520 948 τάφον
541 869 684 947 εὐρώεντα
706 860 837 944 καθέξει.

250 970 329 1040 Tam
357 978 497 1051 ταχύνας
520 979 647 1032 σπεῦσον
668 973 759 1052 (licet
776 979 897 1050 ταχέως
917 976 1053 1032 σπεύδειν
1074 972 1212 1053 dicatur)
1234 994 1331 1053 quum
1386 1040 1388 1043 ,

209 1083 398 1166 praesertim
426 1080 546 1146 locutio
571 1084 641 1139 ίδενν
665 1085 694 1139 τί
715 1100 782 1149 τινι,
803 1080 836 1144 in
857 1102 921 1161 qua
942 1081 1006 1144 iam
1026 1081 1082 1144 alii
1103 1079 1332 1145 haeseruntut

209 1191 316 1255 aliena
344 1189 385 1252 ab
416 1189 550 1269 antiquo
582 1189 737 1261 sermone,
766 1186 890 1251 faciunt
918 1191 953 1250 ut
980 1187 1246 1268 interpolatorem
1274 1210 1331 1251 sua

208 1296 458 1361 intermiscuisse
485 1295 639 1375 suspicer.
664 1293 799 1358 Prorsus
821 1294 934 1358 saltem
956 1293 1089 1358 sufficit:

419 1405 489 1461 αλλ’
512 1407 550 1468 ὡς
571 1405 711 1470 deracau·
727 1404 851 1481 Τεῦκρε,
872 1406 917 1460 τά
925 1420 1045 1478 χυνον

419 1517 522 1589 κοίλην
544 1516 671 1570 κάπετον
692 1513 772 1580 τῶδ’,
794 1505 869 1572 ἔνθα
890 1514 1005 1590 βροτοῖς

418 1622 469 1677 τὸν
491 1624 670 1698 άείμννρστον

419 1723 519 1805 τάφον
540 1726 685 1804 εὐρώεντα
708 1728 831 1803 καθέξει.
900 1731 903 1736 ’
932 1769 935 1774 .

248 1832 300 1898 Sic
321 1832 405 1896 infra
427 1855 453 1895 v.
476 1833 554 1897 1403
575 1834 646 1890 αλλ’
668 1836 696 1890 οί
715 1837 770 1910 μὲν
791 1837 894 1910 κοίλην
912 1837 1041 1891 κάπετον
1058 1838 1145 1912 χερσί
1164 1836 1329 1909 ταχύνατε.

209 2045 296 2111 Aine.
320 2047 398 2111 1310
419 2051 480 2105 ἐπεὶ
503 2051 596 2105 καλόν
617 2066 667 2124 μοι
689 2048 768 2104 τοῦδ’
791 2049 1030 2126 ὑπερτονονμένῳ

418 2148 522 2214 θανεῖν
544 2156 697 2234 προδήλως
717 2160 836 2231 μάλλον
859 2155 876 2232 ἢ
899 2161 969 2233 τῆς
989 2160 1061 2232 σῆς
1082 2157 1151 2233 ὑπὲρ
1241 2189 1244 2195 -

416 2263 558 2337 γυναικὸς
578 2262 595 2340 ἢ
618 2266 685 2319 τοῦ
705 2267 758 2320 σοῦ
777 2255 810 2322 &⁹
833 2266 991 2339 άμαίμονος
1012 2267 1102 2336 λέγω.

248 2367 425 2432 Hermanni
448 2367 612 2432 lenissima
633 2367 789 2431 correctio
810 2373 864 2425 σοῡ
884 2387 943 2448 pro
964 2373 1017 2426 τοῦ
1037 2367 1085 2430 ita
1106 2369 1233 2430 tantum
1255 2364 1331 2430 huic

207 2474 277 2538 loco
305 2474 459 2556 proderit,
486 2474 514 2538 si
542 2474 635 2538 simul
659 2474 808 2538 mendum
830 2496 893 2555 quo
915 2473 1064 2537 laborant
1085 2473 1117 2537 in
1139 2493 1329 2555 praegresso

207 2603 300 2646 versu
322 2581 454 2646 voculae
476 2589 530 2660 τῆς
550 2588 606 2658 σῆς
627 2581 790 2645 sublatum
811 2582 880 2646 erit.
903 2579 1048 2645 Conieci:

398 2682 401 2686 ’
627 2700 633 2710 ’
687 2695 807 2766 μάλλον
829 2690 846 2768 ἢ
868 2694 1030 2767 μάχλνς
1051 2689 1120 2767 ὑπὲρ

417 2800 566 2871 γυναικός,
588 2797 605 2874 ἢ
628 2800 696 2854 σοῦ
715 2801 769 2854 σοῦ
789 2791 822 2858 θ’
845 2800 1003 2875 άμαίρονος
1023 2801 1121 2872 λέγω

205 2904 226 2968 i.
249 2925 274 2967 e.
304 2908 360 2968 aut
380 2925 440 2984 pro
462 2908 494 2966 te
515 2901 680 2983 fratreque
702 2908 769 2977 tuo,
790 2903 816 2966 si
839 2902 884 2967 sic
906 2925 955 2966 me
977 2904 1080 2969 dicere
1102 2902 1212 2968 mavis.
1234 2902 1330 2978 Quali

207 3009 353 3077 oratione
375 3008 495 3073 Teucer
516 3008 594 3073 satis
616 3011 727 3089 aperte
749 3010 919 3090 significat,
941 3032 975 3074 se
997 3009 1129 3076 Atridas
1151 3011 1204 3074 vix
1225 3010 1331 3092 digni·

208 3138 278 3181 ores
300 3116 484 3198 existimare
504 3138 564 3198 pro
585 3116 701 3198 quibus
722 3121 848 3198 pugnet
867 3139 963 3198 quam
983 3116 1148 3195 Helenam,
1165 3117 1332 3182 mulierem

207 3223 421 3289 libidinosam.

207 3438 297 3504 Aiac.
320 3439 398 3503 1324
420 3442 544 3518 ἤκουσεν
566 3445 726 3520 αίσχρά·
748 3443 823 3520 δρῶν
844 3446 901 3521 γάρ
925 3441 960 3518 ἢν
982 3446 1105 3500 τοιαῦτά
1127 3463 1173 3520 pe.

247 3545 380 3610 Temere
407 3545 604 3612 Schmidtius
633 3547 769 3611 coniecit
789 3542 899 3627 ἐχθρά.
921 3546 967 3611 Cf.
992 3548 1070 3612 1320
1090 3550 1122 3606 οὑ
1143 3554 1201 3629 γάρ
1225 3552 1331 3608 κλάον-

206 3661 256 3720 τές
276 3659 365 3733 ἐσμεν
388 3658 566 3731 αἰσχίστους
586 3659 703 3730 λόγους,
726 3653 861 3718 Philoct.
882 3655 951 3718 607.
974 3654 1086 3736 Antig.
1109 3656 1195 3734 1047,
1218 3654 1258 3718 al.

245 3869 357 3934 Finem
385 3870 436 3935 his
471 3871 734 3934 annotationibus
769 3870 934 3951 imponam
966 3870 1228 3935 communicanda
1259 3892 1331 3934 cum

107 3979 110 3982 ’
204 3977 381 4049 lectoribus
399 3976 448 4042 vel
466 3978 576 4059 potius
593 3978 627 4042 in
645 3977 831 4042 memoriam
849 3976 1027 4041 revocanda
1042 3977 1332 4056 observatiuncula,

207 4107 314 4167 quam,
345 4084 421 4149 licet
450 4085 618 4166 perexigui
649 4085 692 4148 sit
720 4083 883 4161 momenti,
911 4087 1017 4147 tamen
1046 4083 1116 4148 fore
1138 4105 1232 4165 spero
1255 4091 1333 4147 uta

204 4191 321 4257 tuturis
358 4190 541 4256 fabularum
572 4189 765 4255 Graecarum
798 4189 974 4254 editoribus
1005 4211 1070 4254 non
1103 4189 1331 4272 vilipendatur.
