3166 5002
828 554 869 617 62

289 742 400 825 Antig.
422 743 481 808 700
501 746 593 802 τοιάδ’
614 746 719 822 ἐρεμνὴ
743 748 803 817 σῖγ’
826 747 1034 821 έτέρχεται
1056 742 1160 823 φάτις.

328 849 510 932 Legendum
530 850 630 915 videri
651 851 866 929 ὑτέρχεται
887 849 953 914 dixi
970 849 1004 913 in
1024 848 1247 930 Excerptis
1266 869 1341 930 peg.
1360 847 1409 925 94,

287 959 398 1039 itaque
418 963 493 1023 ente
514 957 738 1023 Schmidtium.

288 1170 400 1253 Antig.
422 1172 489 1235 743.
511 1169 668 1236 Haemon.
691 1175 723 1230 οὐ
744 1178 802 1252 γάρ
825 1176 958 1231 δίκαιά
981 1179 1015 1231 τ’
1036 1163 1275 1251 ἐξαμαρτάνονθἸ
1297 1175 1359 1249 δρῶ.

512 1278 624 1343 Creon.
645 1283 807 1360 άμαρτάνω
827 1286 885 1359 γάρ
907 1286 962 1345 τάς
982 1284 1056 1358 ἐμάς
1077 1285 1177 1359 άρχας
1197 1283 1309 1350 sefion

330 1384 411 1460 Quia
431 1406 525 1449 nemo
546 1384 608 1449 nisi
629 1389 784 1465 ὀξυμώρως
801 1386 864 1451 diei
882 1389 991 1469 potest
1007 1390 1107 1446 δικαια
1124 1391 1316 1466 άμαρτάνειν,
1334 1407 1410 1450 saue

288 1491 394 1574 prime
425 1491 530 1573 speeie
558 1491 676 1556 mirum
703 1491 828 1556 videtur
855 1491 1049 1573 Sophoclem
1075 1492 1123 1557 ita
1144 1492 1318 1574 scripsisse,
1339 1514 1411 1557 oum

289 1599 406 1681 exigue
426 1598 605 1663 mutatione
626 1599 740 1679 reponi
760 1597 864 1682 possit

509 1708 541 1766 οὐ
562 1691 619 1785 μάρ
641 1725 675 1764 τι
698 1710 791 1777 βαιά
813 1712 842 1764 τ’
862 1701 1100 1786 ἐξαμαρτάνονθ’
1122 1711 1184 1786 ὁρῶ.

288 1813 309 1877 i.
338 1835 363 1877 e.
392 1834 469 1877 non
499 1813 617 1891 enim,
646 1813 805 1894 opinor,
832 1813 923 1877 leve
951 1817 1012 1878 est
1039 1814 1144 1894 quod
1172 1833 1342 1895 peceare
1370 1816 1411 1876 te

290 1919 417 1984 video.
441 1919 487 1984 Cf.
509 1918 657 1984 Dindort.
679 1917 753 1984 Lex.
776 1918 876 2002 Soph.
897 1943 927 1999 p.
948 1921 1008 1984 363
1029 1920 1067 1984 A.

329 2024 411 2091 Care
448 2030 556 2091 tamen
591 2027 766 2108 quidquam
797 2031 909 2092 mutes.
941 2024 1026 2090 Nam
1056 2026 1248 2092 insolentius
1280 2031 1410 2109 poetam

290 2133 428 2197 scribere
451 2133 559 2216 coegit
580 2133 665 2214 quod
686 2156 744 2214 per
766 2137 871 2198 totum
892 2155 994 2213 paene
1015 2133 1181 2216 dialogum
1202 2139 1338 2215 apparet
1359 2157 1411 2198 or·

289 2240 434 2319 tifioium,
453 2244 490 2304 ut
510 2240 685 2305 identidem
707 2240 747 2304 ad
769 2262 878 2305 rocem
895 2239 935 2302 ab
954 2238 1055 2303 altero
1073 2239 1303 2305 interlocutore
1319 2261 1412 2304 usur·

289 2353 398 2429 petam
429 2348 511 2412 alter
538 2347 717 2412 orationem
745 2370 833 2412 suam
864 2346 1051 2411 conformet.
1074 2345 1136 2411 Hic
1157 2351 1263 2412 antem
1284 2345 1412 2432 Sopho-

290 2454 354 2519 oles
376 2458 475 2513 δίκαια
496 2453 606 2538 posuit
626 2454 668 2518 ob
686 2457 771 2534 δίκας
788 2455 820 2519 in
839 2476 931 2519 versu
950 2475 1149 2536 praegresso,
1167 2458 1411 2535 ἐξαμαρτάνοντα

290 2581 365 2624 vero
387 2559 429 2623 ob
451 2565 612 2640 άμαρτάνω
633 2560 667 2624 in
688 2559 846 2641 sequenti.

291 2773 404 2853 Antig.
424 2772 483 2837 857
505 2774 677 2848 ἔψαυσας
698 2779 914 2850 ἀλγεινοτάτας
935 2779 998 2854 ἐμοὶ
1019 2779 1173 2855 μερίμνας,

506 2885 615 2960 τατρὸς
634 2885 885 2960 τριτόλιστον
907 2882 982 2940 οἶτον

506 2993 571 3045 τοῦ
590 3007 623 3044 τε
644 2991 809 3066 τρόταντος

504 3098 646 3172 άμετέρου
668 3098 814 3172 τότμου

506 3207 677 3266 κλεινοῖς
697 3204 947 3272 Λαβδακίδαισιν.

334 3307 458 3373 Horum
485 3329 635 3371 versuum
662 3307 871 3373 difficultates
899 3308 993 3384 olore,
1020 3311 1057 3371 ut
1083 3308 1175 3385 solet,
1202 3308 1353 3392 exposuit
1378 3309 1412 3374 in

291 3412 464 3477 novissima
492 3412 632 3477 editione
658 3411 832 3478 Nauokius.
859 3415 1010 3480 Admisso
1040 3413 1202 3497 Blaydesii
1231 3416 1414 3481 coniectura
1508 3425 1510 3432 '

292 3521 425 3598 ἔμναοας
452 3517 505 3600 (of.
528 3517 666 3584 Philoot.
688 3521 767 3585 1170
789 3525 821 3584 et
842 3519 918 3584 Eur.
940 3521 1010 3586 Alo.
1031 3520 1104 3601 878)
1127 3525 1287 3604 temptare
1308 3523 1412 3587 lubet:

507 3626 678 3705 ἔμναοας
698 3633 917 3702 ἀλγεινοτάτας
937 3633 1000 3706 ἐμοὶ
1022 3634 1175 3713 μεριμνας,

506 3736 615 3812 τατρὸς
635 3739 822 3813 τριτολιοτον
846 3731 890 3817 (t)
912 3737 988 3795 οἶτον

506 3843 622 3897 τόντε
645 3845 809 3919 τράταντος
936 3853 939 3859 “

504 3949 646 4025 άμετέρου
668 3950 783 4026 δόμου

505 4057 630 4112 κοινὸν
650 4057 902 4125 Λαβδακιδαιτιν.
986 4095 990 4102 ·

331 4162 529 4239 Τριτολιττον
560 4161 627 4226 sive
658 4168 844 4241 τριτόλιρτον,
874 4169 911 4227 nt
942 4163 1076 4244 corrigit
1103 4163 1299 4239 Dindorfins,
1327 4164 1415 4245 quod
