<?xml version="1.0" encoding="UTF-8"?>
<!DOCTYPE html PUBLIC "-//W3C//DTD XHTML 1.0 Transitional//EN"
    "http://www.w3.org/TR/xhtml1/DTD/xhtml1-transitional.dtd">
<html xmlns="http://www.w3.org/1999/xhtml" xml:lang="en" lang="en">
 <head>
  <title>
</title>
<meta http-equiv="Content-Type" content="text/html;charset=utf-8" />
  <meta name='ocr-system' content='tesseract 3.04.00' />
  <meta name='ocr-capabilities' content='ocr_page ocr_carea ocr_par ocr_line ocrx_word'/>
</head>
<body>
  <div class='ocr_page' id='page_1' title='image "./lucubrationesso00herwgoog_0064.png"; bbox 0 0 3166 5002; ppageno 0'>
   <div class='ocr_carea' id='block_1_1' title="bbox 735 554 774 620">
    <p class='ocr_par' dir='ltr' id='par_1_1' title="bbox 735 554 774 620">
     <span class='ocr_line' id='line_1_1' title="bbox 735 554 774 620; baseline -0.026 0"><span class='ocrx_word' id='word_1_1' title='bbox 735 554 774 620; x_wconf 85' lang='lat'><strong>57</strong></span> 
     </span>
    </p>
   </div>
   <div class='ocr_carea' id='block_1_2' title="bbox 193 741 1360 1250">
    <p class='ocr_par' dir='ltr' id='par_1_2' title="bbox 482 741 1167 821">
     <span class='ocr_line' id='line_1_2' title="bbox 482 741 1167 821; baseline -0.006 -21"><span class='ocrx_word' id='word_1_2' title='bbox 482 746 596 821; x_wconf 76' lang='grc' dir='ltr'><em>βραχεῖ</em></span> <span class='ocrx_word' id='word_1_3' title='bbox 613 741 680 799; x_wconf 83' lang='grc' dir='ltr'><strong>σὺν</strong></span> <span class='ocrx_word' id='word_1_4' title='bbox 701 741 800 816; x_wconf 76' lang='grc' dir='ltr'><em>όγκῳ</em></span> <span class='ocrx_word' id='word_1_5' title='bbox 822 746 872 798; x_wconf 81' lang='grc' dir='ltr'><strong>καὶ</strong></span> <span class='ocrx_word' id='word_1_6' title='bbox 893 745 990 818; x_wconf 78' lang='grc' dir='ltr'><em>χρόνῳ</em></span> <span class='ocrx_word' id='word_1_7' title='bbox 1013 743 1167 799; x_wconf 72' lang='grc' dir='ltr'><em>διασκεδῶ.</em></span> 
     </span>
    </p>

    <p class='ocr_par' dir='ltr' id='par_1_3' title="bbox 193 844 1360 1250">
     <span class='ocr_line' id='line_1_3' title="bbox 234 844 1314 930; baseline -0.002 -20"><span class='ocrx_word' id='word_1_8' title='bbox 234 846 298 910; x_wconf 90' lang='lat' dir='ltr'><strong>Pro</strong></span> <span class='ocrx_word' id='word_1_9' title='bbox 321 847 408 927; x_wconf 69' lang='grc' dir='ltr'><em>φρενί</em></span> <span class='ocrx_word' id='word_1_10' title='bbox 428 845 659 930; x_wconf 89' lang='lat' dir='ltr'><strong>proculdubio</strong></span> <span class='ocrx_word' id='word_1_11' title='bbox 683 845 842 910; x_wconf 84' lang='lat' dir='ltr'><strong>sententia</strong></span> <span class='ocrx_word' id='word_1_12' title='bbox 862 845 1006 926; x_wconf 83' lang='lat' dir='ltr'><strong>postulat</strong></span> <span class='ocrx_word' id='word_1_13' title='bbox 1026 851 1128 924; x_wconf 74' lang='grc' dir='ltr'><em>χερὶ,</em></span> <span class='ocrx_word' id='word_1_14' title='bbox 1147 844 1314 925; x_wconf 88' lang='lat' dir='ltr'><strong>quodiam</strong></span> 
     </span>
     <span class='ocr_line' id='line_1_4' title="bbox 195 950 1360 1034; baseline 0.004 -19"><span class='ocrx_word' id='word_1_15' title='bbox 195 951 400 1034; x_wconf 85' lang='lat' dir='ltr'><strong>Blaydesium</strong></span> <span class='ocrx_word' id='word_1_16' title='bbox 428 953 519 1019; x_wconf 85' lang='lat' dir='ltr'><strong>video</strong></span> <span class='ocrx_word' id='word_1_17' title='bbox 547 951 727 1017; x_wconf 88' lang='lat' dir='ltr'><strong>coniecisse.</strong></span> <span class='ocrx_word' id='word_1_18' title='bbox 755 950 793 1015; x_wconf 92' lang='lat' dir='ltr'><strong>In</strong></span> <span class='ocrx_word' id='word_1_19' title='bbox 821 973 913 1016; x_wconf 89' lang='lat' dir='ltr'><strong>versu</strong></span> <span class='ocrx_word' id='word_1_20' title='bbox 933 953 1081 1033; x_wconf 73' lang='lat' dir='ltr'>sequenti</span> <span class='ocrx_word' id='word_1_21' title='bbox 1100 975 1166 1017; x_wconf 93' lang='lat' dir='ltr'><strong>non</strong></span> <span class='ocrx_word' id='word_1_22' title='bbox 1186 956 1317 1033; x_wconf 87' lang='lat' dir='ltr'><strong>praetu-</strong></span> <span class='ocrx_word' id='word_1_23' title='bbox 1357 1007 1360 1020; x_wconf 93' lang='lat'>.</span> 
     </span>
     <span class='ocr_line' id='line_1_5' title="bbox 193 1058 1316 1144; baseline -0.006 -21"><span class='ocrx_word' id='word_1_24' title='bbox 193 1059 285 1126; x_wconf 93' lang='lat' dir='ltr'><strong>lerim</strong></span> <span class='ocrx_word' id='word_1_25' title='bbox 312 1081 384 1124; x_wconf 91' lang='lat' dir='ltr'><strong>cum</strong></span> <span class='ocrx_word' id='word_1_26' title='bbox 410 1059 558 1125; x_wconf 86' lang='lat' dir='ltr'><strong>Nauckio</strong></span> <span class='ocrx_word' id='word_1_27' title='bbox 585 1059 766 1144; x_wconf 83' lang='lat' dir='ltr'><strong>apographi</strong></span> <span class='ocrx_word' id='word_1_28' title='bbox 793 1058 982 1124; x_wconf 87' lang='lat' dir='ltr'><strong>Parisiensis</strong></span> <span class='ocrx_word' id='word_1_29' title='bbox 1009 1059 1200 1141; x_wconf 75' lang='lat' dir='ltr'><strong>scripturam</strong></span> <span class='ocrx_word' id='word_1_30' title='bbox 1229 1063 1316 1136; x_wconf 78' lang='grc' dir='ltr'><em>τόνῳ,</em></span> 
     </span>
     <span class='ocr_line' id='line_1_6' title="bbox 194 1159 1317 1250; baseline -0.002 -19"><span class='ocrx_word' id='word_1_31' title='bbox 194 1168 248 1232; x_wconf 81' lang='lat' dir='ltr'><strong>sed</strong></span> <span class='ocrx_word' id='word_1_32' title='bbox 276 1167 384 1250; x_wconf 90' lang='lat' dir='ltr'><strong>potius</strong></span> <span class='ocrx_word' id='word_1_33' title='bbox 411 1168 528 1234; x_wconf 80' lang='lat' dir='ltr'><strong>haereo</strong></span> <span class='ocrx_word' id='word_1_34' title='bbox 554 1167 587 1232; x_wconf 94' lang='lat' dir='ltr'><strong>in</strong></span> <span class='ocrx_word' id='word_1_35' title='bbox 609 1159 698 1243; x_wconf 78' lang='grc' dir='ltr'><strong>όγκιρ,</strong></span> <span class='ocrx_word' id='word_1_36' title='bbox 721 1187 803 1246; x_wconf 90' lang='lat' dir='ltr'><strong>quae</strong></span> <span class='ocrx_word' id='word_1_37' title='bbox 825 1187 885 1229; x_wconf 84' lang='lat' dir='ltr'><strong>vox</strong></span> <span class='ocrx_word' id='word_1_38' title='bbox 910 1165 1049 1230; x_wconf 88' lang='lat' dir='ltr'><strong>molem</strong></span> <span class='ocrx_word' id='word_1_39' title='bbox 1071 1165 1138 1229; x_wconf 86' lang='lat' dir='ltr'><strong>sive</strong></span> <span class='ocrx_word' id='word_1_40' title='bbox 1160 1161 1317 1246; x_wconf 88' lang='lat' dir='ltr'><strong>pondus</strong></span> 
     </span>
    </p>
   </div>
   <div class='ocr_carea' id='block_1_3' title="bbox 193 1270 1338 2106">
    <p class='ocr_par' dir='ltr' id='par_1_4' title="bbox 194 1270 1338 1674">
     <span class='ocr_line' id='line_1_7' title="bbox 194 1270 1338 1356; baseline -0.002 -19"><span class='ocrx_word' id='word_1_41' title='bbox 194 1273 377 1356; x_wconf 85' lang='lat' dir='ltr'><strong>significans</strong></span> <span class='ocrx_word' id='word_1_42' title='bbox 397 1297 463 1338; x_wconf 90' lang='lat' dir='ltr'><strong>non</strong></span> <span class='ocrx_word' id='word_1_43' title='bbox 484 1273 567 1339; x_wconf 90' lang='lat' dir='ltr'><strong>solet</strong></span> <span class='ocrx_word' id='word_1_44' title='bbox 588 1272 736 1354; x_wconf 88' lang='lat' dir='ltr'><strong>usurpari</strong></span> <span class='ocrx_word' id='word_1_45' title='bbox 754 1271 793 1336; x_wconf 93' lang='lat' dir='ltr'><strong>de</strong></span> <span class='ocrx_word' id='word_1_46' title='bbox 810 1271 1018 1351; x_wconf 84' lang='lat' dir='ltr'><strong>molestia,</strong></span> <span class='ocrx_word' id='word_1_47' title='bbox 1036 1270 1316 1350; x_wconf 80' lang='lat' dir='ltr'><strong>difficultate,</strong></span> <span class='ocrx_word' id='word_1_48' title='bbox 1334 1342 1338 1350; x_wconf 65' lang='lat'>,</span> 
     </span>
     <span class='ocr_line' id='line_1_8' title="bbox 194 1377 1315 1462; baseline 0 -19"><span class='ocrx_word' id='word_1_49' title='bbox 194 1380 380 1462; x_wconf 86' lang='lat' dir='ltr'><strong>negotio,</strong></span> <span class='ocrx_word' id='word_1_50' title='bbox 402 1381 557 1456; x_wconf 78' lang='lat' dir='ltr'><strong>labore,</strong></span> <span class='ocrx_word' id='word_1_51' title='bbox 580 1401 784 1458; x_wconf 86' lang='lat' dir='ltr'><strong>aerumna,</strong></span> <span class='ocrx_word' id='word_1_52' title='bbox 807 1377 910 1458; x_wconf 89' lang='lat' dir='ltr'><strong>qualis</strong></span> <span class='ocrx_word' id='word_1_53' title='bbox 931 1377 1022 1443; x_wconf 89' lang='lat' dir='ltr'><strong>notio</strong></span> <span class='ocrx_word' id='word_1_54' title='bbox 1044 1377 1096 1441; x_wconf 86' lang='lat' dir='ltr'><strong>hic</strong></span> <span class='ocrx_word' id='word_1_55' title='bbox 1117 1381 1315 1459; x_wconf 85' lang='lat' dir='ltr'><strong>expectatur.</strong></span> 
     </span>
     <span class='ocr_line' id='line_1_9' title="bbox 196 1485 338 1552; baseline -0.007 -2"><span class='ocrx_word' id='word_1_56' title='bbox 196 1485 338 1552; x_wconf 82' lang='lat' dir='ltr'><strong>Conieci:</strong></span> 
     </span>
     <span class='ocr_line' id='line_1_10' title="bbox 394 1587 1095 1674; baseline -0.004 -22"><span class='ocrx_word' id='word_1_57' title='bbox 394 1598 509 1674; x_wconf 77' lang='grc' dir='ltr'><strong>βραχεῖ</strong></span> <span class='ocrx_word' id='word_1_58' title='bbox 527 1615 566 1652; x_wconf 91' lang='grc' dir='ltr'><strong>τε</strong></span> <span class='ocrx_word' id='word_1_59' title='bbox 587 1598 630 1672; x_wconf 87' lang='grc' dir='ltr'><strong>ρό</strong></span> <span class='ocrx_word' id='word_1_60' title='bbox 641 1587 725 1670; x_wconf 68' lang='grc' dir='ltr'><strong>χθιρ</strong></span> <span class='ocrx_word' id='word_1_61' title='bbox 748 1597 797 1650; x_wconf 80' lang='grc' dir='ltr'><strong>καὶ</strong></span> <span class='ocrx_word' id='word_1_62' title='bbox 818 1599 916 1671; x_wconf 80' lang='grc' dir='ltr'><em>χρόνῳ</em></span> <span class='ocrx_word' id='word_1_63' title='bbox 939 1594 1095 1650; x_wconf 80' lang='grc' dir='ltr'><em>διασκεδῶ.</em></span> 
     </span>
    </p>

    <p class='ocr_par' dir='ltr' id='par_1_5' title="bbox 193 1698 1317 2106">
     <span class='ocr_line' id='line_1_11' title="bbox 193 1698 1316 1782; baseline -0.001 -17"><span class='ocrx_word' id='word_1_64' title='bbox 193 1700 244 1765; x_wconf 90' lang='lat' dir='ltr'><strong>Ad</strong></span> <span class='ocrx_word' id='word_1_65' title='bbox 272 1701 438 1781; x_wconf 90' lang='lat' dir='ltr'><strong>utriusque</strong></span> <span class='ocrx_word' id='word_1_66' title='bbox 465 1700 607 1766; x_wconf 87' lang='lat' dir='ltr'><strong>notionis</strong></span> <span class='ocrx_word' id='word_1_67' title='bbox 635 1700 893 1765; x_wconf 91' lang='lat' dir='ltr'><strong>coniunctionem</strong></span> <span class='ocrx_word' id='word_1_68' title='bbox 915 1699 954 1763; x_wconf 86' lang='lat' dir='ltr'><strong>cf.</strong></span> <span class='ocrx_word' id='word_1_69' title='bbox 975 1699 1121 1782; x_wconf 85' lang='lat' dir='ltr'><strong>exempla</strong></span> <span class='ocrx_word' id='word_1_70' title='bbox 1142 1698 1277 1764; x_wconf 87' lang='lat' dir='ltr'><strong>collecta</strong></span> <span class='ocrx_word' id='word_1_71' title='bbox 1297 1722 1316 1764; x_wconf 87' lang='lat' dir='ltr'><strong>a</strong></span> 
     </span>
     <span class='ocr_line' id='line_1_12' title="bbox 193 1805 1317 1891; baseline -0.001 -19"><span class='ocrx_word' id='word_1_72' title='bbox 193 1805 370 1872; x_wconf 86' lang='lat' dir='ltr'><strong>Schmidtio</strong></span> <span class='ocrx_word' id='word_1_73' title='bbox 398 1830 471 1891; x_wconf 86' lang='lat' dir='ltr'><strong>pag.</strong></span> <span class='ocrx_word' id='word_1_74' title='bbox 499 1808 570 1872; x_wconf 83' lang='lat'>265.</span> <span class='ocrx_word' id='word_1_75' title='bbox 596 1805 646 1870; x_wconf 90' lang='lat' dir='ltr'><strong>Ob</strong></span> <span class='ocrx_word' id='word_1_76' title='bbox 674 1806 868 1887; x_wconf 78' lang='lat' dir='ltr'><strong>positionem</strong></span> <span class='ocrx_word' id='word_1_77' title='bbox 898 1805 1036 1870; x_wconf 82' lang='lat' dir='ltr'><strong>debilem</strong></span> <span class='ocrx_word' id='word_1_78' title='bbox 1064 1806 1168 1870; x_wconf 90' lang='lat' dir='ltr'><strong>minus</strong></span> <span class='ocrx_word' id='word_1_79' title='bbox 1196 1807 1317 1872; x_wconf 88' lang='lat' dir='ltr'><strong>arridet</strong></span> 
     </span>
     <span class='ocr_line' id='line_1_13' title="bbox 193 1911 1316 1995; baseline 0.004 -22"><span class='ocrx_word' id='word_1_80' title='bbox 193 1915 248 1974; x_wconf 78' lang='grc' dir='ltr'><strong>τόν</strong></span> <span class='ocrx_word' id='word_1_81' title='bbox 269 1917 381 1991; x_wconf 81' lang='grc' dir='ltr'><em>ότλῳ,</em></span> <span class='ocrx_word' id='word_1_82' title='bbox 403 1937 468 1995; x_wconf 94' lang='lat' dir='ltr'><strong>quo</strong></span> <span class='ocrx_word' id='word_1_83' title='bbox 489 1914 644 1979; x_wconf 85' lang='lat' dir='ltr'><strong>vocabulo</strong></span> <span class='ocrx_word' id='word_1_84' title='bbox 665 1913 715 1979; x_wconf 92' lang='lat' dir='ltr'><strong>usi</strong></span> <span class='ocrx_word' id='word_1_85' title='bbox 736 1916 811 1977; x_wconf 88' lang='lat' dir='ltr'><strong>sunt</strong></span> <span class='ocrx_word' id='word_1_86' title='bbox 833 1912 1012 1994; x_wconf 82' lang='lat' dir='ltr'><strong>Aeschylus</strong></span> <span class='ocrx_word' id='word_1_87' title='bbox 1032 1911 1121 1995; x_wconf 88' lang='lat' dir='ltr'><strong>Sept.</strong></span> <span class='ocrx_word' id='word_1_88' title='bbox 1146 1914 1183 1977; x_wconf 91' lang='lat'><strong>18</strong></span> <span class='ocrx_word' id='word_1_89' title='bbox 1200 1918 1233 1978; x_wconf 90' lang='lat' dir='ltr'><strong>et</strong></span> <span class='ocrx_word' id='word_1_90' title='bbox 1249 1912 1316 1978; x_wconf 92' lang='lat' dir='ltr'><strong>for·</strong></span> 
     </span>
     <span class='ocr_line' id='line_1_14' title="bbox 193 2019 683 2106; baseline -0.002 -21"><span class='ocrx_word' id='word_1_91' title='bbox 193 2025 278 2086; x_wconf 87' lang='lat' dir='ltr'><strong>tasse</strong></span> <span class='ocrx_word' id='word_1_92' title='bbox 299 2019 477 2106; x_wconf 85' lang='lat' dir='ltr'><strong>Sophocles</strong></span> <span class='ocrx_word' id='word_1_93' title='bbox 498 2019 613 2085; x_wconf 75' lang='lat' dir='ltr'><strong>Trach,</strong></span> <span class='ocrx_word' id='word_1_94' title='bbox 638 2021 683 2085; x_wconf 88' lang='lat'><strong>17.</strong></span> 
     </span>
    </p>
   </div>
   <div class='ocr_carea' id='block_1_4' title="bbox 191 2233 1317 3166">
    <p class='ocr_par' dir='ltr' id='par_1_6' title="bbox 193 2233 1157 2422">
     <span class='ocr_line' id='line_1_15' title="bbox 193 2233 1157 2316; baseline -0.005 -18"><span class='ocrx_word' id='word_1_95' title='bbox 193 2233 269 2300; x_wconf 90' lang='lat' dir='ltr'><strong>Oed.</strong></span> <span class='ocrx_word' id='word_1_96' title='bbox 292 2233 359 2300; x_wconf 81' lang='lat' dir='ltr'><strong>Col.</strong></span> <span class='ocrx_word' id='word_1_97' title='bbox 383 2235 470 2298; x_wconf 86' lang='grc'>1418.</span> <span class='ocrx_word' id='word_1_98' title='bbox 491 2233 606 2316; x_wconf 82' lang='lat' dir='ltr'><strong>Polyn.</strong></span> <span class='ocrx_word' id='word_1_99' title='bbox 745 2243 806 2300; x_wconf 79' lang='grc' dir='ltr'><strong>τῶς</strong></span> <span class='ocrx_word' id='word_1_100' title='bbox 825 2240 883 2315; x_wconf 77' lang='grc' dir='ltr'><strong>γόρ</strong></span> <span class='ocrx_word' id='word_1_101' title='bbox 906 2233 988 2300; x_wconf 76' lang='grc' dir='ltr'><em>αὖθις</em></span> <span class='ocrx_word' id='word_1_102' title='bbox 1008 2236 1045 2293; x_wconf 77' lang='grc' dir='ltr'><strong>όν</strong></span> <span class='ocrx_word' id='word_1_103' title='bbox 1066 2241 1157 2294; x_wconf 85' lang='grc' dir='ltr'><em>τόλιν</em></span> 
     </span>
     <span class='ocr_line' id='line_1_16' title="bbox 354 2344 1111 2422; baseline 0.001 -22"><span class='ocrx_word' id='word_1_104' title='bbox 354 2345 514 2421; x_wconf 81' lang='grc' dir='ltr'><em>ττρότευρ’</em></span> <span class='ocrx_word' id='word_1_105' title='bbox 536 2345 639 2420; x_wconf 75' lang='grc' dir='ltr'><strong>όγόιριι</strong></span> <span class='ocrx_word' id='word_1_106' title='bbox 663 2344 820 2414; x_wconf 83' lang='grc' dir='ltr'><em>ταύτόν,</em></span> <span class='ocrx_word' id='word_1_107' title='bbox 843 2346 974 2421; x_wconf 77' lang='grc' dir='ltr'><strong>εἱσόταξ</strong></span> <span class='ocrx_word' id='word_1_108' title='bbox 991 2349 1111 2422; x_wconf 84' lang='grc' dir='ltr'><strong>τρότας;</strong></span> 
     </span>
    </p>

    <p class='ocr_par' dir='ltr' id='par_1_7' title="bbox 191 2447 1317 3166">
     <span class='ocr_line' id='line_1_17' title="bbox 232 2447 1316 2533; baseline -0.002 -21"><span class='ocrx_word' id='word_1_109' title='bbox 232 2447 360 2513; x_wconf 76' lang='lat' dir='ltr'><strong>Leniter</strong></span> <span class='ocrx_word' id='word_1_110' title='bbox 387 2448 515 2529; x_wconf 90' lang='lat' dir='ltr'><strong>quidem</strong></span> <span class='ocrx_word' id='word_1_111' title='bbox 542 2448 596 2513; x_wconf 87' lang='lat' dir='ltr'><strong>sed</strong></span> <span class='ocrx_word' id='word_1_112' title='bbox 623 2471 736 2533; x_wconf 88' lang='lat' dir='ltr'><strong>parum</strong></span> <span class='ocrx_word' id='word_1_113' title='bbox 765 2453 840 2530; x_wconf 87' lang='lat' dir='ltr'><strong>apte</strong></span> <span class='ocrx_word' id='word_1_114' title='bbox 872 2453 1050 2514; x_wconf 87' lang='lat' dir='ltr'><strong>correctum</strong></span> <span class='ocrx_word' id='word_1_115' title='bbox 1082 2454 1130 2514; x_wconf 88' lang='lat' dir='ltr'><strong>est</strong></span> <span class='ocrx_word' id='word_1_116' title='bbox 1157 2455 1316 2528; x_wconf 82' lang='grc' dir='ltr'><strong>τακτόν,</strong></span> 
     </span>
     <span class='ocr_line' id='line_1_18' title="bbox 192 2555 1317 2639; baseline 0.002 -18"><span class='ocrx_word' id='word_1_117' title='bbox 192 2557 307 2621; x_wconf 91' lang='lat' dir='ltr'><strong>inutile</strong></span> <span class='ocrx_word' id='word_1_118' title='bbox 318 2556 474 2622; x_wconf 87' lang='lat' dir='ltr'><strong>orationis</strong></span> <span class='ocrx_word' id='word_1_119' title='bbox 486 2556 620 2639; x_wconf 84' lang='lat' dir='ltr'><strong>pondus,</strong></span> <span class='ocrx_word' id='word_1_120' title='bbox 632 2579 690 2621; x_wconf 92' lang='lat' dir='ltr'><strong>nec</strong></span> <span class='ocrx_word' id='word_1_121' title='bbox 702 2579 764 2621; x_wconf 83' lang='lat' dir='ltr'><strong>vox</strong></span> <span class='ocrx_word' id='word_1_122' title='bbox 775 2555 966 2639; x_wconf 87' lang='lat' dir='ltr'><strong>Sophoclea.</strong></span> <span class='ocrx_word' id='word_1_123' title='bbox 979 2556 1057 2622; x_wconf 81' lang='lat' dir='ltr'><strong>Cum</strong></span> <span class='ocrx_word' id='word_1_124' title='bbox 1069 2558 1228 2622; x_wconf 88' lang='lat' dir='ltr'><strong>sententia</strong></span> <span class='ocrx_word' id='word_1_125' title='bbox 1237 2558 1317 2624; x_wconf 87' lang='lat' dir='ltr'><strong>haec</strong></span> 
     </span>
     <span class='ocr_line' id='line_1_19' title="bbox 193 2662 1315 2746; baseline 0.004 -20"><span class='ocrx_word' id='word_1_126' title='bbox 193 2662 251 2728; x_wconf 90' lang='lat' dir='ltr'><strong>sit:</strong></span> <span class='ocrx_word' id='word_1_127' title='bbox 284 2684 360 2743; x_wconf 91' lang='lat' dir='ltr'><strong>quo</strong></span> <span class='ocrx_word' id='word_1_128' title='bbox 392 2667 514 2745; x_wconf 88' lang='lat' dir='ltr'><strong>pacto</strong></span> <span class='ocrx_word' id='word_1_129' title='bbox 543 2662 690 2728; x_wconf 87' lang='lat' dir='ltr'><strong>iterum</strong></span> <span class='ocrx_word' id='word_1_130' title='bbox 719 2665 944 2730; x_wconf 82' lang='lat' dir='ltr'><strong>exercitum</strong></span> <span class='ocrx_word' id='word_1_131' title='bbox 973 2664 1193 2746; x_wconf 76' lang='lat' dir='ltr'><strong>colligam?</strong></span> <span class='ocrx_word' id='word_1_132' title='bbox 1221 2670 1315 2731; x_wconf 91' lang='lat' dir='ltr'><strong>teneo</strong></span> 
     </span>
     <span class='ocr_line' id='line_1_20' title="bbox 193 2768 1316 2853; baseline -0.003 -19"><span class='ocrx_word' id='word_1_133' title='bbox 193 2771 278 2851; x_wconf 93' lang='lat' dir='ltr'><strong>quod</strong></span> <span class='ocrx_word' id='word_1_134' title='bbox 300 2769 377 2835; x_wconf 91' lang='lat' dir='ltr'><strong>olim</strong></span> <span class='ocrx_word' id='word_1_135' title='bbox 396 2771 568 2852; x_wconf 89' lang='lat' dir='ltr'><strong>proposui:</strong></span> <span class='ocrx_word' id='word_1_136' title='bbox 591 2775 751 2851; x_wconf 71' lang='grc' dir='ltr'><em>στράτευμ’</em></span> <span class='ocrx_word' id='word_1_137' title='bbox 774 2774 876 2850; x_wconf 63' lang='grc' dir='ltr'><em>ἄγοιμ’</em></span> <span class='ocrx_word' id='word_1_138' title='bbox 898 2777 932 2838; x_wconf 83' lang='grc' dir='ltr'><strong>ές</strong></span> <span class='ocrx_word' id='word_1_139' title='bbox 954 2775 1102 2851; x_wconf 79' lang='grc' dir='ltr'><em>ταύτόν,</em></span> <span class='ocrx_word' id='word_1_140' title='bbox 1125 2772 1144 2837; x_wconf 83' lang='lat' dir='ltr'><strong>i.</strong></span> <span class='ocrx_word' id='word_1_141' title='bbox 1167 2795 1193 2837; x_wconf 78' lang='lat' dir='ltr'><strong>e.</strong></span> <span class='ocrx_word' id='word_1_142' title='bbox 1214 2768 1316 2853; x_wconf 67' lang='grc' dir='ltr'><strong>ἁθροι-</strong></span> 
     </span>
     <span class='ocr_line' id='line_1_21' title="bbox 192 2875 1317 2961; baseline 0.006 -25"><span class='ocrx_word' id='word_1_143' title='bbox 192 2880 277 2956; x_wconf 77' lang='grc' dir='ltr'><em>ζοιριι.</em></span> <span class='ocrx_word' id='word_1_144' title='bbox 296 2875 349 2942; x_wconf 87' lang='lat' dir='ltr'><strong>Sic</strong></span> <span class='ocrx_word' id='word_1_145' title='bbox 367 2882 465 2935; x_wconf 86' lang='grc' dir='ltr'><em>τόντα</em></span> <span class='ocrx_word' id='word_1_146' title='bbox 484 2882 525 2942; x_wconf 72' lang='grc' dir='ltr'><strong>εἰς</strong></span> <span class='ocrx_word' id='word_1_147' title='bbox 542 2879 651 2936; x_wconf 79' lang='grc' dir='ltr'><em>ταύτόν</em></span> <span class='ocrx_word' id='word_1_148' title='bbox 669 2884 811 2956; x_wconf 76' lang='grc' dir='ltr'><strong>συνάγειν</strong></span> <span class='ocrx_word' id='word_1_149' title='bbox 830 2878 912 2942; x_wconf 85' lang='lat' dir='ltr'><strong>dixit</strong></span> <span class='ocrx_word' id='word_1_150' title='bbox 929 2878 1023 2943; x_wconf 88' lang='lat' dir='ltr'><strong>Plato</strong></span> <span class='ocrx_word' id='word_1_151' title='bbox 1041 2877 1141 2960; x_wconf 86' lang='lat' dir='ltr'><strong>Soph.</strong></span> <span class='ocrx_word' id='word_1_152' title='bbox 1159 2902 1190 2961; x_wconf 87' lang='lat' dir='ltr'><strong>p.</strong></span> <span class='ocrx_word' id='word_1_153' title='bbox 1205 2880 1263 2944; x_wconf 83' lang='lat'><strong>251</strong></span> <span class='ocrx_word' id='word_1_154' title='bbox 1276 2878 1317 2959; x_wconf 85' lang='lat' dir='ltr'><strong>D,</strong></span> 
     </span>
     <span class='ocr_line' id='line_1_22' title="bbox 192 2981 1316 3066; baseline -0.002 -20"><span class='ocrx_word' id='word_1_155' title='bbox 192 2985 225 3046; x_wconf 90' lang='lat' dir='ltr'><strong>et</strong></span> <span class='ocrx_word' id='word_1_156' title='bbox 252 3003 347 3063; x_wconf 86' lang='lat' dir='ltr'><strong>saepe</strong></span> <span class='ocrx_word' id='word_1_157' title='bbox 376 2981 493 3046; x_wconf 87' lang='lat' dir='ltr'><strong>dicitur</strong></span> <span class='ocrx_word' id='word_1_158' title='bbox 520 2989 561 3048; x_wconf 79' lang='lat' dir='ltr'><strong>alc</strong></span> <span class='ocrx_word' id='word_1_159' title='bbox 588 2986 698 3042; x_wconf 77' lang='grc' dir='ltr'><em>ταύτὸν</em></span> <span class='ocrx_word' id='word_1_160' title='bbox 725 2987 829 3060; x_wconf 80' lang='grc' dir='ltr'><em>ἐλθεῖν,</em></span> <span class='ocrx_word' id='word_1_161' title='bbox 861 2984 1125 3066; x_wconf 81' lang='lat' dir='ltr'><strong>congregari,</strong></span> <span class='ocrx_word' id='word_1_162' title='bbox 1158 2990 1189 3044; x_wconf 81' lang='grc' dir='ltr'><strong>ἐν</strong></span> <span class='ocrx_word' id='word_1_163' title='bbox 1217 2988 1316 3060; x_wconf 75' lang='grc' dir='ltr'><strong>ταύτῷ</strong></span> 
     </span>
     <span class='ocr_line' id='line_1_23' title="bbox 191 3088 424 3166; baseline 0.03 -19"><span class='ocrx_word' id='word_1_164' title='bbox 191 3090 275 3166; x_wconf 74' lang='grc' dir='ltr'><strong>εἶναι,</strong></span> <span class='ocrx_word' id='word_1_165' title='bbox 297 3088 424 3154; x_wconf 78' lang='lat' dir='ltr'><strong>similia.</strong></span> 
     </span>
    </p>
   </div>
   <div class='ocr_carea' id='block_1_5' title="bbox 190 3298 1318 4242">
    <p class='ocr_par' dir='ltr' id='par_1_8' title="bbox 192 3298 1276 3491">
     <span class='ocr_line' id='line_1_24' title="bbox 192 3298 1276 3384; baseline -0.002 -18"><span class='ocrx_word' id='word_1_166' title='bbox 192 3298 268 3366; x_wconf 86' lang='lat' dir='ltr'><strong>Oed.</strong></span> <span class='ocrx_word' id='word_1_167' title='bbox 291 3300 359 3365; x_wconf 79' lang='lat' dir='ltr'><strong>Col.</strong></span> <span class='ocrx_word' id='word_1_168' title='bbox 381 3302 460 3365; x_wconf 83' lang='lat'>1452</span> <span class='ocrx_word' id='word_1_169' title='bbox 482 3307 546 3381; x_wconf 75' lang='grc' dir='ltr'><em>όρρῖ</em></span> <span class='ocrx_word' id='word_1_170' title='bbox 567 3308 631 3382; x_wconf 68' lang='lat' dir='ltr'><strong>epa</strong></span> <span class='ocrx_word' id='word_1_171' title='bbox 653 3306 830 3364; x_wconf 75' lang='grc' dir='ltr'><em>ταῦτ’·όεὶ</em></span> <span class='ocrx_word' id='word_1_172' title='bbox 853 3309 968 3383; x_wconf 78' lang='grc' dir='ltr'><em>χρόνος,</em></span> <span class='ocrx_word' id='word_1_173' title='bbox 991 3308 1071 3362; x_wconf 78' lang='grc' dir='ltr'><strong>ἐπεὶ</strong></span> <span class='ocrx_word' id='word_1_174' title='bbox 1093 3308 1160 3383; x_wconf 79' lang='grc' dir='ltr'><strong>ρέν</strong></span> <span class='ocrx_word' id='word_1_175' title='bbox 1182 3306 1276 3384; x_wconf 76' lang='grc' dir='ltr'><em>ἕτερα,</em></span> 
     </span>
     <span class='ocr_line' id='line_1_25' title="bbox 479 3409 1149 3491; baseline 0.001 -24"><span class='ocrx_word' id='word_1_176' title='bbox 479 3415 524 3467; x_wconf 79' lang='grc' dir='ltr'><strong>τό</strong></span> <span class='ocrx_word' id='word_1_177' title='bbox 546 3413 582 3468; x_wconf 76' lang='grc' dir='ltr'><strong>δὲ</strong></span> <span class='ocrx_word' id='word_1_178' title='bbox 606 3412 692 3490; x_wconf 77' lang='grc' dir='ltr'><strong>παρ’</strong></span> <span class='ocrx_word' id='word_1_179' title='bbox 714 3412 812 3491; x_wconf 71' lang='grc' dir='ltr'><strong>ἦμαρ</strong></span> <span class='ocrx_word' id='word_1_180' title='bbox 834 3409 940 3476; x_wconf 76' lang='grc' dir='ltr'><em>αὗθις</em></span> <span class='ocrx_word' id='word_1_181' title='bbox 961 3411 1058 3489; x_wconf 81' lang='grc' dir='ltr'><em>αόξων</em></span> <span class='ocrx_word' id='word_1_182' title='bbox 1079 3415 1149 3469; x_wconf 76' lang='grc' dir='ltr'><em>όνω.</em></span> 
     </span>
    </p>

    <p class='ocr_par' dir='ltr' id='par_1_9' title="bbox 232 3515 1147 3600">
     <span class='ocr_line' id='line_1_26' title="bbox 232 3515 1147 3600; baseline 0.001 -20"><span class='ocrx_word' id='word_1_183' title='bbox 232 3515 439 3600; x_wconf 87' lang='lat' dir='ltr'><strong>Respondere</strong></span> <span class='ocrx_word' id='word_1_184' title='bbox 460 3517 511 3581; x_wconf 91' lang='lat' dir='ltr'><strong>his</strong></span> <span class='ocrx_word' id='word_1_185' title='bbox 532 3518 650 3582; x_wconf 91' lang='lat' dir='ltr'><strong>debent</strong></span> <span class='ocrx_word' id='word_1_186' title='bbox 670 3517 703 3582; x_wconf 91' lang='lat' dir='ltr'><strong>in</strong></span> <span class='ocrx_word' id='word_1_187' title='bbox 725 3517 929 3600; x_wconf 86' lang='lat' dir='ltr'><strong>antistropha</strong></span> <span class='ocrx_word' id='word_1_188' title='bbox 951 3541 979 3582; x_wconf 88' lang='lat' dir='ltr'><strong>v.</strong></span> <span class='ocrx_word' id='word_1_189' title='bbox 1002 3519 1078 3583; x_wconf 80' lang='lat'>1469</span> <span class='ocrx_word' id='word_1_190' title='bbox 1099 3540 1147 3599; x_wconf 88' lang='lat' dir='ltr'><strong>sq.</strong></span> 
     </span>
    </p>

    <p class='ocr_par' dir='ltr' id='par_1_10' title="bbox 359 3626 1170 3814">
     <span class='ocr_line' id='line_1_27' title="bbox 359 3626 1170 3707; baseline 0 -24"><span class='ocrx_word' id='word_1_191' title='bbox 359 3631 394 3683; x_wconf 80' lang='grc' dir='ltr'><strong>τό</strong></span> <span class='ocrx_word' id='word_1_192' title='bbox 415 3632 490 3704; x_wconf 76' lang='grc' dir='ltr'><strong>ραν</strong></span> <span class='ocrx_word' id='word_1_193' title='bbox 512 3626 659 3707; x_wconf 72' lang='grc' dir='ltr'><em>ἀφήσει</em></span> <span class='ocrx_word' id='word_1_194' title='bbox 680 3632 781 3696; x_wconf 54' lang='lat' dir='ltr'><strong>rehem</strong></span> <span class='ocrx_word' id='word_1_195' title='bbox 803 3630 884 3685; x_wconf 86' lang='grc' dir='ltr'><em>δέδια</em></span> <span class='ocrx_word' id='word_1_196' title='bbox 906 3629 932 3684; x_wconf 85' lang='grc' dir='ltr'><strong>δ’</strong></span> <span class='ocrx_word' id='word_1_197' title='bbox 955 3628 987 3683; x_wconf 80' lang='grc' dir='ltr'><strong>οὐ</strong></span> <span class='ocrx_word' id='word_1_198' title='bbox 1007 3630 1065 3705; x_wconf 75' lang='grc' dir='ltr'><strong>γαρ</strong></span> <span class='ocrx_word' id='word_1_199' title='bbox 1086 3630 1170 3684; x_wconf 78' lang='grc' dir='ltr'><strong>δόλιόν</strong></span> 
     </span>
     <span class='ocr_line' id='line_1_28' title="bbox 362 3733 935 3814; baseline 0 -23"><span class='ocrx_word' id='word_1_200' title='bbox 362 3733 487 3813; x_wconf 79' lang='grc' dir='ltr'><em>όφόρρρῖ</em></span> <span class='ocrx_word' id='word_1_201' title='bbox 508 3735 583 3810; x_wconf 84' lang='grc' dir='ltr'><em>τοτ’,</em></span> <span class='ocrx_word' id='word_1_202' title='bbox 605 3735 656 3791; x_wconf 75' lang='grc' dir='ltr'><strong>οὐκ</strong></span> <span class='ocrx_word' id='word_1_203' title='bbox 677 3736 747 3791; x_wconf 79' lang='grc' dir='ltr'><em>όνευ</em></span> <span class='ocrx_word' id='word_1_204' title='bbox 769 3733 935 3814; x_wconf 73' lang='grc' dir='ltr'><strong>ξυμφοραῖς.</strong></span> 
     </span>
    </p>

    <p class='ocr_par' dir='ltr' id='par_1_11' title="bbox 190 3837 1318 4242">
     <span class='ocr_line' id='line_1_29' title="bbox 231 3837 1318 3922; baseline 0 -20"><span class='ocrx_word' id='word_1_205' title='bbox 231 3837 345 3903; x_wconf 90' lang='lat' dir='ltr'><strong>Deleto</strong></span> <span class='ocrx_word' id='word_1_206' title='bbox 373 3838 405 3902; x_wconf 94' lang='lat' dir='ltr'><strong>in</strong></span> <span class='ocrx_word' id='word_1_207' title='bbox 435 3839 571 3920; x_wconf 88' lang='lat' dir='ltr'><strong>stropha</strong></span> <span class='ocrx_word' id='word_1_208' title='bbox 597 3840 706 3921; x_wconf 90' lang='lat' dir='ltr'><strong>priore</strong></span> <span class='ocrx_word' id='word_1_209' title='bbox 734 3845 785 3919; x_wconf 79' lang='grc' dir='ltr'><strong>όριῑ</strong></span> <span class='ocrx_word' id='word_1_210' title='bbox 813 3845 846 3905; x_wconf 87' lang='lat' dir='ltr'><strong>et</strong></span> <span class='ocrx_word' id='word_1_211' title='bbox 873 3841 1029 3922; x_wconf 90' lang='lat' dir='ltr'><strong>rescripto</strong></span> <span class='ocrx_word' id='word_1_212' title='bbox 1057 3841 1092 3905; x_wconf 91' lang='lat' dir='ltr'><strong>in</strong></span> <span class='ocrx_word' id='word_1_213' title='bbox 1112 3838 1318 3921; x_wconf 86' lang='lat' dir='ltr'><strong>antistropha</strong></span> 
     </span>
     <span class='ocr_line' id='line_1_30' title="bbox 191 3943 1317 4028; baseline 0.007 -25"><span class='ocrx_word' id='word_1_214' title='bbox 191 3951 220 4004; x_wconf 78' lang='grc' dir='ltr'><strong>τι</strong></span> <span class='ocrx_word' id='word_1_215' title='bbox 248 3943 339 4026; x_wconf 70' lang='grc' dir='ltr'><em>φήσω</em></span> <span class='ocrx_word' id='word_1_216' title='bbox 369 3944 494 4026; x_wconf 90' lang='lat' dir='ltr'><strong>(malim</strong></span> <span class='ocrx_word' id='word_1_217' title='bbox 521 3944 637 4028; x_wconf 69' lang='grc' dir='ltr'><strong>φαίνει)</strong></span> <span class='ocrx_word' id='word_1_218' title='bbox 663 3954 762 4018; x_wconf 64' lang='lat' dir='ltr'><strong>rehem</strong></span> <span class='ocrx_word' id='word_1_219' title='bbox 784 3946 949 4012; x_wconf 87' lang='lat' dir='ltr'><strong>Nauckius</strong></span> <span class='ocrx_word' id='word_1_220' title='bbox 971 3968 1120 4012; x_wconf 90' lang='lat' dir='ltr'><strong>numeros</strong></span> <span class='ocrx_word' id='word_1_221' title='bbox 1141 3944 1219 4010; x_wconf 86' lang='lat' dir='ltr'><strong>satis</strong></span> <span class='ocrx_word' id='word_1_222' title='bbox 1240 3968 1317 4027; x_wconf 92' lang='lat' dir='ltr'><strong>pro·</strong></span> 
     </span>
     <span class='ocr_line' id='line_1_31' title="bbox 191 4050 1317 4136; baseline 0.004 -23"><span class='ocrx_word' id='word_1_223' title='bbox 191 4050 344 4116; x_wconf 87' lang='lat' dir='ltr'><strong>habiliter</strong></span> <span class='ocrx_word' id='word_1_224' title='bbox 370 4052 522 4130; x_wconf 76' lang='lat' dir='ltr'><strong>restituit,</strong></span> <span class='ocrx_word' id='word_1_225' title='bbox 544 4053 599 4118; x_wconf 92' lang='lat' dir='ltr'><strong>sed</strong></span> <span class='ocrx_word' id='word_1_226' title='bbox 620 4052 745 4134; x_wconf 88' lang='lat' dir='ltr'><strong>reliqua</strong></span> <span class='ocrx_word' id='word_1_227' title='bbox 769 4054 922 4135; x_wconf 88' lang='lat' dir='ltr'><strong>strophae</strong></span> <span class='ocrx_word' id='word_1_228' title='bbox 943 4075 1024 4134; x_wconf 86' lang='lat' dir='ltr'><strong>qnae</strong></span> <span class='ocrx_word' id='word_1_229' title='bbox 1045 4053 1199 4136; x_wconf 85' lang='lat' dir='ltr'><strong>adscripsi</strong></span> <span class='ocrx_word' id='word_1_230' title='bbox 1220 4053 1317 4118; x_wconf 89' lang='lat' dir='ltr'><strong>verba</strong></span> 
     </span>
     <span class='ocr_line' id='line_1_32' title="bbox 190 4158 1315 4242; baseline 0.001 -21"><span class='ocrx_word' id='word_1_231' title='bbox 190 4158 333 4222; x_wconf 87' lang='lat' dir='ltr'><strong>funditus</strong></span> <span class='ocrx_word' id='word_1_232' title='bbox 361 4159 537 4240; x_wconf 81' lang='lat' dir='ltr'><strong>depravata</strong></span> <span class='ocrx_word' id='word_1_233' title='bbox 562 4163 646 4236; x_wconf 80' lang='lat' dir='ltr'><strong>sunt,</strong></span> <span class='ocrx_word' id='word_1_234' title='bbox 667 4180 725 4222; x_wconf 90' lang='lat' dir='ltr'><strong>nec</strong></span> <span class='ocrx_word' id='word_1_235' title='bbox 746 4181 828 4239; x_wconf 95' lang='lat' dir='ltr'><strong>quae</strong></span> <span class='ocrx_word' id='word_1_236' title='bbox 848 4159 1035 4242; x_wconf 91' lang='lat' dir='ltr'><strong>propositae</strong></span> <span class='ocrx_word' id='word_1_237' title='bbox 1057 4163 1132 4223; x_wconf 88' lang='lat' dir='ltr'><strong>sunt</strong></span> <span class='ocrx_word' id='word_1_238' title='bbox 1154 4158 1315 4223; x_wconf 86' lang='lat' dir='ltr'><strong>coniectu·</strong></span> 
     </span>
    </p>
   </div>
   <div class='ocr_carea' id='block_1_6' title="bbox 0 0 1588 5002">
    <p class='ocr_par' dir='ltr' id='par_1_12' title="bbox 0 0 1588 5002">
     <span class='ocr_line' id='line_1_33' title="bbox 0 0 1588 5002; baseline 0 2"><span class='ocrx_word' id='word_1_239' title='bbox 0 0 1588 5002; x_wconf 95' lang='lat' dir='ltr'><strong> </strong></span> 
     </span>
    </p>
   </div>
  </div>
 </body>
</html>
