3166 5002
815 563 855 626 36

274 746 374 811 Eleot.
395 748 455 812 903
812 753 850 815 ὡς
871 751 956 817 εἶδον,
978 755 1134 827 έμτόιόει
1156 755 1184 808 τό
1205 770 1254 829 μοι

476 855 583 933 ψυχῇ
605 850 773 933 σύνηθες
794 858 912 934 όμμοι,
935 856 1087 936 Φιλτότου
1107 861 1220 936 βροτῶν

411 968 429 981 “
477 967 595 1020 πάντων
617 963 757 1040 Ὀρέστου
780 963 856 1021 τοῦθ’
879 966 946 1041 όρόν
969 966 1134 1041 τεκμήριον.
1175 1014 1178 1019 .

313 1066 350 1130 Iu
376 1067 427 1130 his
455 1067 560 1131 verbis
581 1070 649 1131 tam
669 1063 808 1146 σύνηθες,
829 1090 889 1150 pro
911 1091 975 1150 quo
995 1068 1101 1152 ipsum
1123 1071 1319 1136 contrarium
1340 1093 1394 1133 ex-

273 1176 390 1256 pectes,
413 1194 510 1253 quam
531 1175 612 1251 όμμν
633 1173 771 1254 permire
792 1173 913 1239 dictum
929 1178 1038 1239 movet
1055 1175 1278 1256 suspicionem.
1299 1175 1395 1241 Venit

273 1279 307 1342 in
328 1283 477 1358 mentem,
500 1279 586 1359 quod
607 1279 844 1344 dubitabundus
867 1281 1027 1346 adscribo:

921 1381 1073 1447 ἐστυόὲι
1095 1395 1123 1447 τό
1145 1409 1193 1468 μοι

474 1496 606 1574 ψυχὴν
627 1491 748 1574 όόηθες
769 1499 894 1574 δόγμα
916 1501 977 1555 urs.

273 1601 459 1684 percutit
487 1601 585 1665 mihi
615 1602 789 1666 animum
814 1603 980 1668 insueta
1007 1603 1158 1685 opinio.
1191 1607 1300 1683 Δόγμα
1331 1603 1393 1668 boc

273 1731 365 1773 sensu
393 1709 563 1790 aliquoties
591 1710 757 1791 usurpavit
786 1707 888 1788 Plato,
910 1710 966 1774 sed
985 1709 1196 1775 confidentius
1216 1711 1279 1776 hoc
1299 1733 1393 1793 repo·

272 1838 389 1901 nerem,
412 1817 439 1880 si
460 1815 538 1880 alibi
559 1816 645 1897 apud
665 1815 808 1895 tragicos
829 1817 1032 1897 reperiretur.
1054 1819 1208 1878 Ἐστοόειν
1229 1839 1301 1882 cum
1318 1839 1394 1883 casu

273 1927 388 2003 quarto
409 1923 515 1987 iunxit
535 1921 634 1987 Rhesi
656 1926 769 1987 auctor
790 1945 818 1986 v.
839 1923 907 1986 560.
929 1924 1040 2003 ’Όμμιι
1057 1923 1150 1988 facile
1166 1923 1230 1988 huc
1247 1925 1394 1989 devenire

272 2029 380 2110 potuit
409 2052 425 2093 e
453 2051 546 2092 versu
573 2028 678 2093 vicino
707 2029 775 2092 906.
805 2028 867 2093 Sed
892 2029 1028 2094 aliorum
1050 2052 1144 2095 curae
1172 2031 1257 2097 huno
1277 2031 1392 2111 locum,

273 2136 323 2201 cui
344 2135 427 2199 nihil
446 2137 582 2216 prosunt
604 2132 767 2216 Blaydesii
788 2135 998 2215 coniecturae,
1020 2137 1216 2202 commendo.

272 2349 374 2414 Elect.
397 2350 456 2413 922
478 2351 529 2407 οὐκ
552 2351 643 2407 οἷσθ’
665 2351 680 2406 ό
687 2369 746 2406 τοι
768 2357 838 2426 γῆς
860 2351 919 2408 οὐδ’
940 2353 1002 2408 ότοι
1024 2356 1146 2429 γνώμης
1168 2351 1260 2433 φέρει.

312 2453 417 2519 Nemo
446 2453 621 2534 quidquam
648 2453 760 2518 attulit
788 2476 851 2535 quo
880 2455 960 2519 haec
987 2457 1127 2537 permira
1153 2457 1278 2522 dicendi
1308 2459 1391 2522 ratio

273 2561 495 2626 defenderetur
523 2564 579 2624 aut
606 2561 831 2625 illustraretur.
862 2560 1018 2636 Quocirca
1037 2563 1210 2645 legendum
1231 2567 1392 2647 suspicor:

472 2670 523 2726 οὐκ
545 2670 651 2727 clodo
673 2671 705 2726 δ’
728 2671 802 2745 ό,τι
825 2669 900 2751 φὴς
921 2672 980 2729 οὐδ’
1003 2673 1065 2730 ότοι
1086 2677 1209 2750 γνώμης
1230 2671 1329 2752 dispice.¹

272 2774 311 2838 of.
332 2774 547 2856 Excerpta.

272 2986 372 3051 Elect.
394 2987 454 3051 930
794 2996 847 3048 τοῦ
867 2995 924 3068 γὰρ
946 2985 1111 3068 όνθρώτιον
1133 2997 1197 3049 τοτ’
1219 2993 1254 3070 ἦν

473 3098 517 3150 τό
538 3099 662 3152 πολλοὶ
685 3098 793 3173 τοιτρός
814 3098 882 3173 τρός
903 3095 1028 3176 τόφον
1049 3103 1249 3177 κτερίσμυτοις

312 3197 482 3263 Schmidtii
513 3200 730 3264 coniecturam
761 3205 799 3258 τοὶ
830 3205 966 3278 πόμπιμοι
996 3202 1113 3266 vitiosa
1143 3205 1233 3285 pedis
1261 3205 1391 3269 secundi

271 3305 383 3371 incisio
410 3305 524 3369 falsam
553 3328 620 3370 esse
648 3306 774 3376 evincit.
803 3305 864 3381 Qui
893 3308 920 3370 si
947 3307 1016 3372 iure
1041 3308 1147 3372 haesit
1166 3310 1200 3372 in
1222 3316 1260 3368 τό
1282 3316 1391 3379 πολλοὶ,

271 3412 384 3476 melius
405 3412 560 3476 conicias:
932 3397 935 3402 ¹

333 3529 472 3598 τομοιῖοι
494 3523 602 3598 τοτρός
623 3523 691 3599 τρός
712 3519 822 3601 τάφῳ
846 3521 931 3602 (cum
952 3521 1138 3605 Blaydesio)
1160 3530 1360 3605 ursptoprrro3

311 3627 426 3691 Aesch.
447 3625 525 3691 Cho,
550 3628 607 3692 168
629 3633 682 3706 opto
704 3637 826 3705 τομοιῐον
844 3633 927 3688 τόνδε
944 3634 1114 3709 βόστρυχον
1132 3630 1232 3711 τάφῳ.
1252 3631 1298 3697 Of,
1313 3632 1389 3697 Eur.

272 3734 481 3799 uicesimi.

271 3947 373 4010 Elect.
395 3947 472 4010 1007
494 3949 526 4005 oo
548 3952 605 4027 γάρ
626 3942 730 4007 θοινεῖν
752 3942 908 4024 ἔχθιστον,
930 3952 1000 4006 ἀλλ’
1022 3951 1093 4006 ότιιν
1114 3944 1218 4009 θοινεῖν

491 4056 611 4132 χρῄζων
633 4074 677 4119 τις
698 4055 761 4111 εἶτον
783 4057 860 4132 μηδὲ
882 4055 962 4113 τοῦτ’
986 4055 1044 4132 όχχ
1067 4059 1181 4125 λαβεῖν.

311 4159 470 4223 Consensu
502 4159 569 4223 fere
598 4160 784 4225 criticorum
814 4162 849 4224 hi
880 4183 989 4226 versus
1020 4161 1219 4240 damnantur,
1251 4165 1389 4242 suntque
