3166 5002
797 583 837 646 32

456 773 536 850 οἶμαι
558 777 613 850 μὲν
635 770 684 829 οὖν
705 771 804 829 εἶναί
825 792 854 829 πο
877 777 1000 864 κακεὶνῳ
1023 777 1124 851 μέλον,

457 879 652 957 πέμψαντί
673 885 704 955 γ’
725 880 803 956 αὐτῇ
825 881 1021 957 δυσπρόσοπτ’
1039 883 1186 958 ονείμαπα.

256 985 464 1050 Existimo
497 1009 576 1051 rem
615 987 795 1065 (ultionem)
828 989 950 1051 etiam
979 986 1044 1051 illi
1075 984 1231 1068 (mortuo)
1264 985 1377 1050 cordi

257 1114 360 1172 esse,
382 1093 535 1175 quippe
557 1094 625 1174 qui
646 1093 681 1158 ei
703 1093 823 1175 (uxori)
844 1095 1019 1159 obscena
1040 1094 1195 1158 somnia
1215 1093 1376 1158 miserit.

257 1197 310 1262 Sic
330 1198 367 1264 Ο.
388 1199 421 1264 O.
442 1200 502 1264 659
525 1203 617 1259 τοῖσδ’
639 1202 715 1259 ἔστω
736 1208 836 1280 μέλον.

257 1415 359 1481 Elect.
380 1418 439 1481 563
460 1423 525 1498 ἐροῦ
545 1422 576 1477 δὲ
599 1423 654 1497 τὴν
676 1423 806 1495 κυναγὸν
826 1420 975 1498 ’Άρπεμιν
996 1425 1074 1485 πίνος

458 1532 560 1593 ποονοὶς
581 1531 619 1584 τοὶ
642 1531 741 1585 πολλοὶ
762 1530 908 1605 πνεύματ’
931 1527 1000 1602 ἔσχ’
1022 1530 1059 1584 έν
1081 1527 1231 1584 noller.

297 1629 406 1695 Verba
433 1637 471 1689 πα
499 1638 598 1690 πολλοὶ
627 1635 782 1711 πνεύματα
808 1633 890 1696 nihil
917 1632 1005 1698 aliud
1032 1631 1213 1715 significare
1242 1634 1379 1714 possunt

258 1760 354 1818 quam
383 1743 396 1797 ο
424 1745 521 1818 μέγας
548 1746 676 1819 χειμών,
703 1762 761 1804 nec
787 1741 920 1822 probari
946 1744 1055 1823 potest
1080 1739 1258 1805 Hermanui
1278 1740 1379 1804 inter-

257 1848 398 1929 pretatio
423 1848 558 1925 ,multos
579 1849 651 1913 illos
670 1853 781 1914 ventos
799 1849 853 1930 qui
871 1849 950 1914 flare
967 1849 1012 1913 ibi
1030 1849 1166 1914 solent.”
1183 1848 1245 1924 Qui
1256 1848 1379 1930 optime

259 1951 320 2017 hoo
340 1954 507 2035 perspexit
527 1954 734 2034 Schmidtius,
755 1943 875 2020 idcirco
897 1955 1099 2019 scribendum
1120 1955 1257 2019 coniecit
1277 1958 1380 2030 rivos!

259 2065 326 2118 πολ
333 2081 406 2139 μκς
426 2065 564 2120 α’ποινα
587 2065 731 2140 πνεύματ’
750 2066 810 2120 aas.
829 2061 880 2125 lta
895 2066 1003 2126 tamen
1022 2060 1160 2143 permira
1174 2060 1243 2125 Dea
1261 2060 1380 2124 dicere-

258 2169 312 2230 tur
340 2171 452 2232 ventos
481 2168 661 2232 cohibuisse
688 2169 740 2233 vel
765 2170 935 2234 retinuisse
962 2169 1126 2248 Aulide,
1155 2168 1246 2249 quasi
1267 2168 1379 2233 eodem

258 2276 403 2354 tempore
435 2278 524 2338 extra
556 2275 623 2339 eius
654 2275 742 2339 urbis
769 2275 848 2340 fines
878 2276 979 2340 libere
1009 2261 1135 2341 flarent
1165 2275 1242 2340 Cum
1271 2279 1379 2341 autem

258 2401 362 2460 neque
385 2380 418 2444 iu
439 2381 545 2446 verbis
566 2388 644 2448 alvos
665 2388 766 2448 ποινας
788 2384 942 2464 usquein
966 2394 1003 2442 πα
1026 2389 1123 2442 πολλοὶ
1145 2385 1301 2462 πνεύματα
1322 2405 1380 2465 per

259 2509 292 2551 se
313 2487 465 2569 spectatis
487 2488 662 2570 quidquam
683 2490 862 2572 reperiatur
884 2491 968 2571 quod
989 2491 1058 2555 iure
1079 2491 1250 2572 vituperes,
1271 2489 1380 2572 potius

259 2594 448 2659 crediderim
475 2595 547 2659 vitii
571 2596 678 2660 sedem
699 2618 767 2661 esse
789 2602 819 2654 ἐν
842 2600 961 2666 Αὐλίδι,
982 2619 1064 2678 quae
1084 2595 1242 2662 vocabula
1263 2596 1340 2661 olim
1362 2619 1381 2659 a

260 2701 439 2783 glossatore
470 2703 632 2785 adscripta
662 2704 802 2784 genuine
835 2705 989 2768 vocabula
1021 2728 1037 2768 e
1068 2708 1160 2770 textu
1194 2704 1381 2769 exturbasse

260 2807 412 2889 suspicor.
434 2807 585 2874 Fortasse
606 2809 683 2874 fuit:

443 2917 523 2993 ’ἐμοῦ
544 2918 575 2973 δὲ
597 2919 652 2994 πὴν
674 2919 803 2992 κυναγὸν
825 2917 983 2995 Ἄρτεμιν,
1004 2922 1083 2982 πίνος

461 3027 562 3086 ποινας
583 3028 621 3080 rut
643 3028 742 3081 πολλοὶ
765 3026 910 3102 πνεύματ’
933 3024 1007 3101 ἔσχε
1033 3026 1132 3093 <πὸν
1155 3029 1315 3093 πόλον).

300 3126 350 3191 Ita
368 3125 555 3211 Sophocles,
571 3130 702 3195 eandem
717 3153 814 3211 quam
832 3130 1011 3213 Aeschylus
1027 3130 1147 3194 famam
1164 3134 1299 3206 secutus,
1315 3152 1382 3196 non

261 3233 428 3298 malaciam
455 3236 509 3300 sed
532 3236 671 3301 hiemem
696 3237 830 3302 classem
852 3237 1045 3301 Graecorum
1066 3237 1235 3303 retinuisse
1255 3236 1381 3301 dixerit.

261 3339 307 3404 cf.
328 3341 443 3424 Agam.
467 3344 534 3407 145.
556 3343 613 3406 195
635 3366 705 3424 sqq.
726 3343 834 3425 Ipsam
855 3343 957 3408 Deam
977 3343 1117 3409 hiemem
1137 3343 1292 3408 excitasse
1309 3365 1381 3408 cum

261 3468 371 3511 omnes
388 3451 587 3529 spectatores
603 3452 769 3529 noverant,
787 3453 857 3513 tum
874 3450 982 3532 paullo
1000 3454 1074 3534 post
1094 3473 1120 3515 v.
1139 3451 1198 3516 570
1215 3451 1333 3516 diserte
1348 3451 1382 3515 id

260 3555 470 3637 significatur.
492 3554 606 3638 Neque
628 3579 709 3640 opus
730 3560 801 3622 erat
819 3561 856 3621 ut
876 3557 1026 3622 Aulidem
1044 3559 1226 3623 nominaret
1243 3558 1382 3638 Electra,

259 3683 335 3725 nam
354 3662 451 3727 etiam
469 3662 701 3745 Clytaemestra
717 3665 751 3729 in
769 3665 975 3747 praegressis,
992 3664 1048 3729 ubi
1065 3665 1175 3746 tetigit
1193 3663 1382 3747 iphigeniae

261 3768 460 3850 sacrificium,
481 3792 540 3836 nec
559 3771 666 3836 locum
685 3793 790 3852 neque
811 3772 1020 3850 occasionem,
1043 3794 1124 3853 quae
1140 3793 1234 3836 nemo
1252 3771 1383 3854 ignora·

260 3875 325 3951 bat,
356 3877 625 3960 commemorauit.
650 3913 690 3922 -
716 3877 834 3942 Merito
857 3902 883 3942 v.
905 3880 963 3942 565
985 3879 1136 3942 damnare
1156 3878 1237 3942 mihi
1256 3878 1384 3964 videtur

261 3983 466 4063 Schmidtius,
491 3989 523 4049 et
544 3985 706 4050 mentione
730 3985 845 4049 saltem
867 3985 982 4066 dignae
1003 3988 1078 4048 sunt
1097 3984 1238 4049 eiusdem
1258 3985 1384 4049 coniec-

261 4092 354 4155 turae
376 4101 476 4151 πατῶν
499 4094 531 4156 et
553 4095 640 4151 πέδον
658 4113 716 4176 pro
735 4095 844 4170 παίζων
862 4096 894 4156 et
912 4094 1019 4160 ποδοῖν,
1036 4091 1090 4156 sed
1108 4091 1239 4156 minime
1254 4113 1384 4157 necesse

262 4202 311 4263 est
332 4221 403 4264 cum
418 4198 480 4264 'illo
502 4222 530 4263 v.
553 4199 622 4281 618,
643 4199 699 4264 ubi
720 4200 825 4265 editur
