3166 5002
768 593 787 655 3

216 780 329 844 vivunt
349 779 526 861 philologis
547 780 627 844 bene
649 782 833 843 meruerunt
853 778 892 842 de
912 779 1080 859 tragoedia
1102 778 1232 854 Graeca,
1250 777 1337 841 Nau·

187 933 189 938 -
217 909 307 951 cruou
336 887 406 952 dieo
434 891 467 951 et
493 886 695 951 ernasruu.
724 885 786 950 Sed
816 886 894 950 haec
918 886 1045 967 quidem
1069 885 1232 950 hacteuus,
1253 885 1336 949 Ecce

216 1015 299 1058 nova
319 993 522 1058 meletemata
544 998 664 1059 nostra.

216 1207 361 1272 Tuscum.
384 1209 422 1271 18
444 1213 540 1288 χρόνῳ
563 1211 589 1266 δ’
612 1213 642 1266 ἐν
666 1210 775 1288 ὑστέρῳ
797 1213 862 1286 μέν,
884 1214 998 1286 άτμένη
1021 1210 1053 1264 δέ
1073 1227 1155 1284 μοιἰ

449 1320 462 1373 ό
485 1318 600 1380 κλεινὸς
621 1310 700 1391 ἦλθε
720 1318 814 1393 Ζηνός
834 1316 1014 1392 Ἀλκμηνης
1034 1334 1066 1371 τε
1088 1321 1172 1378 ταῖς·

450 1426 480 1486 ός
500 1428 542 1487 εἰς
562 1425 664 1498 cypira
686 1425 761 1500 τῷδε
782 1425 942 1500 συμτεσὼν
963 1426 1097 1500 μάχης

449 1533 588 1588 ἐκλόετάό
609 1550 657 1608 με·
678 1535 727 1587 καὶ
749 1534 854 1608 τρότον
875 1533 929 1607 μὲν
952 1531 988 1586 άν
1010 1534 1130 1588 τόνων

450 1636 502 1692 οὐκ
524 1637 561 1692 όν
582 1638 729 1715 drelrrorp'·
751 1638 783 1694 οὐ
803 1642 861 1716 γάρ
883 1637 946 1696 οἶδ’·
967 1639 1038 1694 άλλ’
1060 1639 1141 1701 όττος
1162 1637 1197 1712 ἦν

450 1744 546 1800 όοικῶν
568 1747 703 1822 άτοορβης
723 1750 777 1820 της
798 1738 882 1812 θόοις,
903 1747 945 1802 ὅδ’
968 1745 1003 1801 άν
1024 1750 1117 1819 λόγον.

256 1845 330 1911 Scio
353 1847 431 1913 haec
452 1846 626 1914 Deianirae
648 1849 752 1924 verba,
774 1872 855 1930 quae
872 1850 1014 1914 nondum
1032 1850 1182 1931 cuiquam
1200 1849 1238 1912 de
1257 1848 1337 1911 vitio

99 1999 100 2004 κ
215 1959 365 2036 suspecta
392 1955 490 2020 fuisse
518 1956 675 2034 videntur,
705 1960 878 2036 utcumque
907 1956 1061 2038 explicari
1088 1978 1191 2039 posse,
1212 1955 1266 2019 sed
1287 1960 1338 2018 ta·

217 2082 299 2138 men,
342 2061 369 2124 si
409 2062 513 2126 locum
556 2063 743 2145 diligentius
781 2062 1039 2138 consideraveris,
1077 2063 1216 2146 reperies
1255 2085 1338 2143 quae

217 2166 390 2231 offendant.
420 2166 506 2232 Nam
537 2170 677 2250 primum
709 2171 815 2234 nullus
844 2174 892 2233 est
919 2170 951 2233 in
980 2168 1179 2250 tragicorum
1208 2169 1337 2249 scriptis

216 2271 314 2352 locun,
347 2296 410 2355 quo
438 2275 643 2356 periphrasin
672 2283 774 2352 άγῶνά
802 2281 909 2354 μάχης
936 2275 1024 2352 (licet
1050 2275 1163 2356 procul
1190 2274 1275 2337 absit
1301 2279 1337 2338 ut

216 2380 314 2443 verba
340 2380 431 2462 iungi
451 2403 546 2464 posse
567 2386 694 2464 negem)
716 2384 794 2446 satis
816 2382 945 2458 tuearis,
966 2382 1125 2445 diversum
1146 2381 1231 2444 enirn
1252 2381 1338 2460 quod

217 2485 298 2550 dixit
316 2488 495 2570 Aeschylus
513 2491 627 2570 Agem.
647 2490 724 2554 1377
744 2493 875 2567 dydr-
886 2494 984 2566 velnae
998 2496 1130 2553 τνλννῑς
1140 2491 1274 2569 propter
1286 2509 1338 2551 ac·

217 2593 329 2657 cedens
346 2594 538 2660 adiectivum
557 2600 589 2660 et
607 2618 688 2676 quae
706 2596 769 2661 alia
786 2600 822 2660 ut
839 2595 955 2659 similia
972 2595 1078 2658 afferri
1092 2594 1218 2674 possint
1228 2615 1338 2657 revera

217 2703 292 2763 sunt
309 2700 531 2776 dissimillima,
550 2702 664 2766 deinde
682 2703 831 2784 displicet
848 2702 980 2766 verbum
997 2704 1152 2760 ἐκλύεσθαι
1168 2701 1248 2764 citra
1261 2701 1338 2763 scri·

216 2805 312 2870 bendi
330 2829 451 2872 morem
462 2809 609 2873 absolute
619 2814 808 2891 usurpatum
822 2815 853 2874 et
864 2811 993 2875 tandem
1005 2832 1119 2891 parum
1130 2813 1206 2891 apte
1216 2809 1337 2874 dictum

218 2917 266 2976 est
287 2918 391 2992 τρότον
408 2951 448 2958 -
466 2920 570 2984 τόνων,
589 2916 645 2980 ubi
661 2939 754 2980 nemo
772 2939 836 2981 non
855 2920 1040 2998 expectaret
1057 2921 1161 2996 τρόπον
1172 2952 1211 2960 -
1221 2921 1338 2994 μάχης.

258 3017 317 3083 His
342 3020 444 3101 igitur
471 3021 650 3086 rationibus
675 3044 866 3104 permoveor
892 3029 929 3087 nt
950 3022 1088 3103 simplici
1110 3021 1336 3086 vocabulorum

216 3127 456 3208 transpositone
477 3126 630 3210 Sophocli
654 3128 800 3194 reddam:

418 3240 448 3300 ός
468 3241 509 3301 εἰς
530 3242 632 3312 άγῶνά
655 3240 729 3315 τῶδε
750 3241 910 3315 συμτεσὼν
932 3241 1051 3295 τόνων

419 3347 558 3403 ἐκλόετοοό
578 3365 626 3423 με·
647 3350 696 3402 καὶ
718 3349 822 3424 τρότον
842 3349 897 3423 μὲν
919 3345 954 3401 άν
976 3347 1110 3422 μάχης

418 3452 469 3508 οὐκ
491 3453 527 3508 όν
549 3454 696 3530 drelrrorp'·
716 3456 777 3510 κτέ.

258 3555 429 3621 Deianirae
450 3563 530 3617 τόνοι
552 3557 775 3623 describuntur
796 3559 830 3622 in
850 3559 1056 3640 praegressis.

258 3663 362 3728 Simili
383 3665 581 3730 correctione
601 3665 746 3746 indigere
768 3664 848 3729 mihi
868 3665 994 3730 videtur
1013 3664 1105 3729 locus
1123 3665 1157 3728 in
1176 3664 1339 3730 Philoc-

216 3775 319 3852 tete,
340 3795 369 3836 τ.
392 3773 449 3837 150
470 3795 550 3854 sqq.¹
572 3772 629 3854 qui
650 3773 786 3837 absurde
807 3795 858 3837 me
877 3772 982 3837 iudice
1003 3794 1019 3836 e
1040 3771 1130 3835 libris
1151 3771 1197 3835 sic
1217 3771 1337 3836 editur:

376 3941 378 3945 ,
417 3884 469 3937 νῦν
490 3883 592 3958 δόμοι
903 3879 905 3885 ’

418 3988 495 4062 λέγ’,
517 3988 614 4051 αὐλάς
634 3992 719 4052 τοόοος
739 3988 852 4066 ἔνεδρος
872 3992 945 4045 reici

417 4097 467 4150 καὶ
488 4102 587 4174 χῶρον
608 4097 664 4152 τίν’
686 4095 761 4172 ἔχει.
782 4098 814 4152 τὸ
837 4099 894 4174 γάρ
916 4115 965 4173 μοι

417 4194 529 4277 μαθεῖν
550 4203 602 4259 οὐκ
623 4208 801 4282 άτοκοιόριον,
